,bid_price_1,bid_volume_1,bid_price_2,bid_volume_2,bid_price_3,bid_volume_3,ask_price_1,ask_volume_1,ask_price_2,ask_volume_2,ask_price_3,ask_volume_3,mid_price,profit_and_loss,ORCHIDS,TRANSPORT_FEES,EXPORT_TARIFF,IMPORT_TARIFF,SUNLIGHT,HUMIDITY,DAY,total_ask_vol,total_bid_vol,ask_vwap,bid_vwap,spread
0,1094.0,10.0,1093.0,3.0,1086.0,41.0,1102.0,10.0,1104.0,3.0,1111.0,41.0,1098.0,0.0,1098.25,0.9,10.5,-5.0,2100.0,70.0,1,54.0,54.0,1108.9444444444443,1087.8703703703704,8.0
100,1094.0,6.0,1093.0,2.0,1087.0,51.0,1102.0,6.0,1103.0,2.0,1110.0,51.0,1098.0,0.0,1098.25,0.9,9.5,-5.0,2099.757,70.02271,1,59.0,59.0,1108.949152542373,1087.915254237288,8.0
200,1093.0,6.0,1092.0,3.0,1085.0,49.0,1101.0,6.0,1102.0,3.0,1108.0,49.0,1097.0,109600.0,1096.75,0.9,9.5,-5.0,2099.5132,70.045395,1,58.0,58.0,1106.9655172413793,1086.1896551724137,8.0
300,1093.0,10.0,1092.0,4.0,1085.0,52.0,1101.0,10.0,1102.0,4.0,1109.0,52.0,1097.0,109600.0,1097.0,0.9,9.5,-5.0,2099.2683,70.06803,1,66.0,66.0,1107.3636363636363,1086.6363636363637,8.0
400,1093.0,10.0,1092.0,3.0,1086.0,51.0,1101.0,10.0,1102.0,3.0,1109.0,51.0,1097.0,109600.0,1097.25,0.9,9.5,-5.0,2099.0225,70.09064,1,64.0,64.0,1107.421875,1087.375,8.0
500,1094.0,5.0,1093.0,4.0,1086.0,41.0,1102.0,5.0,1103.0,4.0,1109.0,41.0,1098.0,109600.0,1097.75,0.9,9.5,-5.0,2098.7756,70.1132,1,50.0,50.0,1107.82,1087.36,8.0
600,1093.0,10.0,1092.0,3.0,1086.0,49.0,1101.0,10.0,1102.0,3.0,1109.0,49.0,1097.0,109600.0,1097.25,0.9,9.5,-5.0,2098.528,70.13572,1,62.0,62.0,1107.3709677419354,1087.4193548387098,8.0
700,1093.0,6.0,1092.0,5.0,1086.0,41.0,1101.0,6.0,1102.0,5.0,1109.0,41.0,1097.0,109600.0,1097.25,0.9,9.5,-5.0,2098.2795,70.15821,1,52.0,52.0,1107.4038461538462,1087.3846153846155,8.0
800,1093.0,10.0,1092.0,3.0,1085.0,47.0,1101.0,10.0,1102.0,3.0,1108.0,47.0,1097.0,109600.0,1096.75,0.9,9.5,-5.0,2098.03,70.18066,1,60.0,60.0,1106.5333333333333,1086.6833333333334,8.0
900,1093.0,10.0,1092.0,5.0,1086.0,45.0,1101.0,10.0,1102.0,5.0,1109.0,45.0,1097.0,109600.0,1097.25,0.9,9.5,-5.0,2097.7795,70.20307,1,60.0,60.0,1107.0833333333333,1087.6666666666667,8.0
1000,1094.0,8.0,1092.0,3.0,1086.0,54.0,1101.0,8.0,1103.0,3.0,1109.0,54.0,1097.5,109600.0,1097.5,0.9,9.5,-5.0,2097.528,70.22544,1,65.0,65.0,1107.7384615384615,1087.2615384615385,7.0
1100,1092.0,10.0,1091.0,3.0,1085.0,57.0,1100.0,10.0,1101.0,3.0,1108.0,57.0,1096.0,109600.0,1096.25,0.9,9.5,-5.0,2097.276,70.24778,1,70.0,70.0,1106.557142857143,1086.2571428571428,8.0
1200,1094.0,9.0,1093.0,5.0,1087.0,49.0,1102.0,9.0,1103.0,5.0,1110.0,49.0,1098.0,109600.0,1098.25,0.9,9.5,-5.0,2097.0225,70.27007,1,63.0,63.0,1108.3015873015872,1088.4761904761904,8.0
1300,1094.0,6.0,1093.0,4.0,1086.0,39.0,1102.0,6.0,1103.0,4.0,1109.0,39.0,1098.0,109600.0,1097.75,0.9,9.5,-5.0,2096.7683,70.292336,1,49.0,49.0,1107.6530612244899,1087.5510204081634,8.0
1400,1095.0,5.0,1094.0,4.0,1087.0,45.0,1103.0,5.0,1104.0,4.0,1110.0,45.0,1099.0,109600.0,1098.75,0.9,9.5,-5.0,2096.5132,70.31456,1,54.0,54.0,1108.9074074074074,1088.2592592592594,8.0
1500,1094.0,9.0,1093.0,2.0,1086.0,54.0,1102.0,9.0,1103.0,2.0,1109.0,54.0,1098.0,109600.0,1097.75,0.9,9.5,-5.0,2096.2573,70.33675,1,65.0,65.0,1107.8461538461538,1087.323076923077,8.0
1600,1094.0,7.0,1093.0,2.0,1087.0,42.0,1102.0,7.0,1103.0,2.0,1110.0,42.0,1098.0,109600.0,1098.25,0.9,9.5,-5.0,2096.0005,70.358894,1,51.0,51.0,1108.6274509803923,1088.1960784313726,8.0
1700,1095.0,8.0,1094.0,4.0,1087.0,50.0,1103.0,8.0,1104.0,4.0,1110.0,50.0,1099.0,109600.0,1098.75,0.9,9.5,-5.0,2095.7424,70.381004,1,62.0,62.0,1108.7096774193549,1088.483870967742,8.0
1800,1095.0,6.0,1094.0,4.0,1087.0,49.0,1103.0,6.0,1104.0,4.0,1110.0,49.0,1099.0,109600.0,1098.75,0.9,9.5,-5.0,2095.484,70.403076,1,59.0,59.0,1108.8813559322034,1088.2881355932204,8.0
1900,1097.0,5.0,1096.0,4.0,1089.0,40.0,1105.0,5.0,1106.0,4.0,1112.0,40.0,1101.0,109600.0,1100.75,0.9,9.5,-5.0,2095.224,70.42511,1,49.0,49.0,1110.795918367347,1090.3877551020407,8.0
2000,1097.0,8.0,1096.0,2.0,1089.0,41.0,1105.0,8.0,1106.0,2.0,1112.0,41.0,1101.0,109600.0,1100.75,0.9,9.5,-5.0,2094.9636,70.44711,1,51.0,51.0,1110.6666666666667,1090.5294117647059,8.0
2100,1097.0,7.0,1096.0,3.0,1089.0,48.0,1105.0,7.0,1106.0,3.0,1112.0,48.0,1101.0,109600.0,1100.75,0.9,9.5,-5.0,2094.7021,70.46907,1,58.0,58.0,1110.844827586207,1090.3275862068965,8.0
2200,1098.0,7.0,1097.0,2.0,1090.0,48.0,1106.0,7.0,1107.0,2.0,1113.0,48.0,1102.0,109600.0,1101.75,0.9,9.5,-5.0,2094.4397,70.491,1,57.0,57.0,1111.9298245614036,1091.2280701754387,8.0
2300,1099.0,9.0,1098.0,4.0,1091.0,47.0,1107.0,9.0,1108.0,4.0,1114.0,47.0,1103.0,109600.0,1102.75,0.9,9.5,-5.0,2094.1765,70.512886,1,60.0,60.0,1112.55,1092.6666666666667,8.0
2400,1099.0,10.0,1098.0,3.0,1091.0,51.0,1107.0,10.0,1108.0,3.0,1114.0,51.0,1103.0,109600.0,1102.75,0.9,9.5,-5.0,2093.9124,70.53474,1,64.0,64.0,1112.625,1092.578125,8.0
2500,1096.0,10.0,1095.0,3.0,1089.0,48.0,1104.0,10.0,1105.0,3.0,1112.0,48.0,1100.0,109600.0,1100.25,0.9,9.5,-5.0,2093.6472,70.55655,1,61.0,61.0,1110.344262295082,1090.4426229508197,8.0
2600,1094.0,6.0,1093.0,5.0,1087.0,36.0,1102.0,6.0,1103.0,5.0,1110.0,36.0,1098.0,109600.0,1098.25,0.9,9.5,-5.0,2093.381,70.57833,1,47.0,47.0,1108.2340425531916,1088.531914893617,8.0
2700,1095.0,8.0,1094.0,3.0,1087.0,48.0,1103.0,8.0,1104.0,3.0,1110.0,48.0,1099.0,109600.0,1098.75,0.9,9.5,-5.0,2093.1143,70.60007,1,59.0,59.0,1108.7457627118645,1088.4406779661017,8.0
2800,1096.0,8.0,1095.0,5.0,1088.0,42.0,1104.0,8.0,1105.0,5.0,1111.0,42.0,1100.0,109600.0,1099.75,0.9,9.5,-5.0,2092.8464,70.62177,1,55.0,55.0,1109.4363636363637,1089.8,8.0
2900,1098.0,10.0,1097.0,4.0,1090.0,47.0,1106.0,10.0,1107.0,4.0,1113.0,47.0,1102.0,109600.0,1101.75,0.9,9.5,-5.0,2092.578,70.64344,1,61.0,61.0,1111.4590163934427,1091.7704918032787,8.0
3000,1098.0,10.0,1097.0,5.0,1091.0,48.0,1106.0,10.0,1107.0,5.0,1114.0,48.0,1102.0,109600.0,1102.25,0.9,9.5,-5.0,2092.3083,70.66508,1,63.0,63.0,1112.1746031746031,1092.5873015873017,8.0
3100,1100.0,5.0,1099.0,3.0,1093.0,48.0,1108.0,5.0,1109.0,3.0,1116.0,48.0,1104.0,109600.0,1104.25,0.9,9.5,-5.0,2092.0378,70.68667,1,56.0,56.0,1114.9107142857142,1093.9464285714287,8.0
3200,1099.0,6.0,1098.0,5.0,1091.0,46.0,1107.0,6.0,1108.0,5.0,1114.0,46.0,1103.0,109600.0,1102.75,0.9,9.5,-5.0,2091.7666,70.70823,1,57.0,57.0,1112.7368421052631,1092.4561403508771,8.0
3300,1098.0,6.0,1097.0,3.0,1091.0,44.0,1106.0,6.0,1107.0,3.0,1114.0,44.0,1102.0,109600.0,1102.25,0.9,9.5,-5.0,2091.4944,70.72975,1,53.0,53.0,1112.698113207547,1092.132075471698,8.0
3400,1098.0,6.0,1097.0,2.0,1091.0,50.0,1106.0,6.0,1107.0,2.0,1114.0,50.0,1102.0,109600.0,1102.25,0.9,9.5,-5.0,2091.2212,70.75124,1,58.0,58.0,1112.9310344827586,1091.9310344827586,8.0
3500,1098.0,6.0,1097.0,3.0,1090.0,41.0,1106.0,6.0,1107.0,3.0,1114.0,41.0,1102.0,109600.0,1102.0,0.9,9.5,-5.0,2090.9473,70.77269,1,50.0,50.0,1112.62,1091.38,8.0
3600,1098.0,8.0,1097.0,5.0,1090.0,53.0,1106.0,8.0,1107.0,5.0,1113.0,53.0,1102.0,109600.0,1101.75,0.9,9.5,-5.0,2090.6724,70.794106,1,66.0,66.0,1111.6969696969697,1091.5,8.0
3700,1097.0,5.0,1096.0,3.0,1090.0,45.0,1105.0,5.0,1106.0,3.0,1113.0,45.0,1101.0,109600.0,1101.25,0.9,9.5,-5.0,2090.3967,70.81548,1,53.0,53.0,1111.8490566037735,1091.0,8.0
3800,1098.0,10.0,1097.0,5.0,1091.0,50.0,1106.0,10.0,1107.0,5.0,1114.0,50.0,1102.0,109600.0,1102.25,0.9,9.5,-5.0,2090.12,70.83683,1,65.0,65.0,1112.2307692307693,1092.5384615384614,8.0
3900,1098.0,8.0,1097.0,3.0,1091.0,45.0,1106.0,8.0,1107.0,3.0,1114.0,45.0,1102.0,109600.0,1102.25,0.9,9.5,-5.0,2089.8425,70.85814,1,56.0,56.0,1112.482142857143,1092.3214285714287,8.0
4000,1099.0,10.0,1098.0,4.0,1092.0,56.0,1107.0,10.0,1108.0,4.0,1115.0,56.0,1103.0,109600.0,1103.25,0.9,9.5,-5.0,2089.5642,70.87941,1,70.0,70.0,1113.4571428571428,1093.3428571428572,8.0
4100,1099.0,8.0,1098.0,5.0,1092.0,44.0,1107.0,8.0,1108.0,5.0,1115.0,44.0,1103.0,109600.0,1103.25,0.9,9.5,-5.0,2089.2852,70.90064,1,57.0,57.0,1113.2631578947369,1093.5087719298247,8.0
4200,1099.0,6.0,1098.0,5.0,1091.0,52.0,1107.0,6.0,1108.0,5.0,1114.0,52.0,1103.0,109600.0,1102.75,0.9,9.5,-5.0,2089.005,70.921844,1,63.0,63.0,1112.857142857143,1092.3174603174602,8.0
4300,1100.0,9.0,1099.0,5.0,1092.0,51.0,1108.0,9.0,1109.0,5.0,1115.0,51.0,1104.0,109600.0,1103.75,0.9,9.5,-5.0,2088.724,70.94301,1,65.0,65.0,1113.5692307692307,1093.6461538461538,8.0
4400,1100.0,5.0,1099.0,5.0,1092.0,43.0,1108.0,5.0,1109.0,5.0,1116.0,43.0,1104.0,109600.0,1104.0,0.9,9.5,-5.0,2088.4421,70.964134,1,53.0,53.0,1114.5849056603774,1093.4150943396226,8.0
4500,1100.0,7.0,1099.0,5.0,1093.0,44.0,1108.0,7.0,1109.0,5.0,1116.0,44.0,1104.0,109600.0,1104.25,0.9,9.5,-5.0,2088.1594,70.98523,1,56.0,56.0,1114.375,1094.4107142857142,8.0
4600,1100.0,9.0,1099.0,3.0,1093.0,42.0,1108.0,9.0,1109.0,3.0,1116.0,42.0,1104.0,109600.0,1104.25,0.9,9.5,-5.0,2087.876,71.00629,1,54.0,54.0,1114.2777777777778,1094.5,8.0
4700,1099.0,6.0,1098.0,3.0,1092.0,52.0,1107.0,6.0,1108.0,3.0,1115.0,52.0,1103.0,109600.0,1103.25,0.9,9.5,-5.0,2087.5916,71.02731,1,61.0,61.0,1113.8688524590164,1092.983606557377,8.0
4800,1099.0,8.0,1098.0,2.0,1091.0,53.0,1107.0,8.0,1108.0,2.0,1115.0,53.0,1103.0,109600.0,1103.0,0.9,9.5,-5.0,2087.3064,71.0483,1,63.0,63.0,1113.7619047619048,1092.2380952380952,8.0
4900,1098.0,5.0,1097.0,2.0,1090.0,47.0,1106.0,5.0,1107.0,2.0,1113.0,47.0,1102.0,109600.0,1101.75,0.9,9.5,-5.0,2087.0203,71.06925,1,54.0,54.0,1112.1296296296296,1091.0,8.0
5000,1097.0,8.0,1096.0,4.0,1090.0,53.0,1105.0,8.0,1106.0,4.0,1113.0,53.0,1101.0,109600.0,1101.25,0.9,9.5,-5.0,2086.7332,71.09017,1,65.0,65.0,1111.5846153846153,1091.2307692307693,8.0
5100,1096.0,6.0,1095.0,2.0,1089.0,43.0,1104.0,6.0,1105.0,2.0,1112.0,43.0,1100.0,109600.0,1100.25,0.9,9.5,-5.0,2086.4456,71.11105,1,51.0,51.0,1110.7843137254902,1090.0588235294117,8.0
5200,1097.0,9.0,1096.0,2.0,1090.0,51.0,1105.0,9.0,1106.0,2.0,1113.0,51.0,1101.0,109600.0,1101.25,0.9,9.5,-5.0,2086.1567,71.131905,1,62.0,62.0,1111.6129032258063,1091.2096774193549,8.0
5300,1098.0,9.0,1097.0,5.0,1091.0,41.0,1106.0,9.0,1107.0,5.0,1114.0,41.0,1102.0,109600.0,1102.25,0.9,9.5,-5.0,2085.8672,71.15272,1,55.0,55.0,1112.0545454545454,1092.6909090909091,8.0
5400,1098.0,6.0,1097.0,5.0,1091.0,39.0,1106.0,6.0,1107.0,5.0,1114.0,39.0,1102.0,109600.0,1102.25,0.9,9.5,-5.0,2085.577,71.17349,1,50.0,50.0,1112.34,1092.44,8.0
5500,1097.0,10.0,1096.0,3.0,1089.0,56.0,1105.0,10.0,1106.0,3.0,1112.0,56.0,1101.0,109600.0,1100.75,0.9,9.5,-5.0,2085.2856,71.19424,1,69.0,69.0,1110.7246376811595,1090.463768115942,8.0
5600,1098.0,5.0,1097.0,2.0,1090.0,43.0,1106.0,5.0,1107.0,2.0,1113.0,43.0,1102.0,109600.0,1101.75,0.9,9.5,-5.0,2084.9937,71.21495,1,50.0,50.0,1112.06,1091.08,8.0
5700,1099.0,7.0,1098.0,5.0,1091.0,55.0,1107.0,7.0,1108.0,5.0,1114.0,55.0,1103.0,109600.0,1102.75,0.9,9.5,-5.0,2084.701,71.23563,1,67.0,67.0,1112.8208955223881,1092.358208955224,8.0
5800,1099.0,10.0,1098.0,4.0,1091.0,53.0,1107.0,10.0,1108.0,4.0,1115.0,53.0,1103.0,109600.0,1103.0,0.9,9.5,-5.0,2084.4072,71.25626,1,67.0,67.0,1113.3880597014925,1092.6119402985075,8.0
5900,1098.0,9.0,1097.0,5.0,1090.0,52.0,1106.0,9.0,1107.0,5.0,1113.0,52.0,1102.0,109600.0,1101.75,0.9,9.5,-5.0,2084.1125,71.27687,1,66.0,66.0,1111.590909090909,1091.621212121212,8.0
6000,1098.0,10.0,1096.0,4.0,1090.0,58.0,1105.0,10.0,1107.0,4.0,1113.0,58.0,1101.5,109600.0,1101.5,0.9,9.5,-5.0,2083.8171,71.29744,1,72.0,72.0,1111.5555555555557,1091.4444444444443,7.0
6100,1098.0,8.0,1097.0,5.0,1091.0,49.0,1106.0,8.0,1107.0,5.0,1114.0,49.0,1102.0,109600.0,1102.25,0.9,9.5,-5.0,2083.521,71.31798,1,62.0,62.0,1112.4032258064517,1092.3870967741937,8.0
6200,1100.0,9.0,1099.0,2.0,1093.0,43.0,1108.0,9.0,1109.0,2.0,1116.0,43.0,1104.0,109600.0,1104.25,0.9,9.5,-5.0,2083.2239,71.33848,1,54.0,54.0,1114.4074074074074,1094.388888888889,8.0
6300,1100.0,9.0,1099.0,2.0,1092.0,46.0,1108.0,9.0,1109.0,2.0,1116.0,46.0,1104.0,109600.0,1104.0,0.9,9.5,-5.0,2082.926,71.35895,1,57.0,57.0,1114.4912280701753,1093.5087719298247,8.0
6400,1098.0,7.0,1097.0,4.0,1091.0,48.0,1106.0,7.0,1107.0,4.0,1114.0,48.0,1102.0,109600.0,1102.25,0.9,9.5,-5.0,2082.6274,71.37939,1,59.0,59.0,1112.5762711864406,1092.2372881355932,8.0
6500,1097.0,9.0,1096.0,4.0,1090.0,46.0,1105.0,9.0,1106.0,4.0,1113.0,46.0,1101.0,109600.0,1101.25,0.9,9.5,-5.0,2082.328,71.39979,1,59.0,59.0,1111.3050847457628,1091.4745762711864,8.0
6600,1097.0,10.0,1096.0,4.0,1089.0,48.0,1105.0,10.0,1106.0,4.0,1113.0,48.0,1101.0,109600.0,1101.0,0.9,9.5,-5.0,2082.0276,71.42015,1,62.0,62.0,1111.258064516129,1090.741935483871,8.0
6700,1096.0,9.0,1095.0,2.0,1088.0,51.0,1104.0,9.0,1105.0,2.0,1111.0,51.0,1100.0,109600.0,1099.75,0.9,9.5,-5.0,2081.7263,71.44048,1,62.0,62.0,1109.7903225806451,1089.3870967741937,8.0
6800,1094.0,5.0,1093.0,5.0,1087.0,50.0,1102.0,5.0,1103.0,5.0,1110.0,50.0,1098.0,109600.0,1098.25,0.9,9.5,-5.0,2081.4243,71.460785,1,60.0,60.0,1108.75,1088.0833333333333,8.0
6900,1095.0,5.0,1094.0,5.0,1088.0,41.0,1103.0,5.0,1104.0,5.0,1111.0,41.0,1099.0,109600.0,1099.25,0.9,9.5,-5.0,2081.1216,71.48105,1,51.0,51.0,1109.5294117647059,1089.2745098039215,8.0
7000,1095.0,10.0,1094.0,3.0,1087.0,48.0,1103.0,10.0,1104.0,3.0,1111.0,48.0,1099.0,109600.0,1099.0,0.9,9.5,-5.0,2080.8179,71.50128,1,61.0,61.0,1109.344262295082,1088.655737704918,8.0
7100,1095.0,6.0,1094.0,5.0,1087.0,49.0,1103.0,6.0,1104.0,5.0,1111.0,49.0,1099.0,109600.0,1099.0,0.9,9.5,-5.0,2080.5134,71.52148,1,60.0,60.0,1109.6166666666666,1088.3833333333334,8.0
7200,1096.0,8.0,1095.0,3.0,1089.0,38.0,1104.0,8.0,1105.0,3.0,1112.0,38.0,1100.0,109600.0,1100.25,0.9,9.5,-5.0,2080.2083,71.54164,1,49.0,49.0,1110.265306122449,1090.5102040816328,8.0
7300,1096.0,8.0,1095.0,3.0,1089.0,44.0,1104.0,8.0,1105.0,3.0,1112.0,44.0,1100.0,109600.0,1100.25,0.9,9.5,-5.0,2079.9023,71.561775,1,55.0,55.0,1110.4545454545455,1090.3454545454545,8.0
7400,1096.0,10.0,1095.0,3.0,1088.0,46.0,1104.0,10.0,1105.0,3.0,1111.0,46.0,1100.0,109600.0,1099.75,0.9,9.5,-5.0,2079.5955,71.58187,1,59.0,59.0,1109.5084745762713,1089.7118644067796,8.0
7500,1098.0,8.0,1097.0,4.0,1090.0,40.0,1106.0,8.0,1107.0,4.0,1113.0,40.0,1102.0,109600.0,1101.75,0.9,9.5,-5.0,2079.2878,71.60194,1,52.0,52.0,1111.4615384615386,1091.7692307692307,8.0
7600,1098.0,9.0,1097.0,5.0,1090.0,53.0,1106.0,9.0,1107.0,5.0,1113.0,53.0,1102.0,109600.0,1101.75,0.9,9.5,-5.0,2078.9792,71.62197,1,67.0,67.0,1111.6119402985075,1091.597014925373,8.0
7700,1097.0,7.0,1096.0,3.0,1089.0,44.0,1105.0,7.0,1106.0,3.0,1112.0,44.0,1101.0,109600.0,1100.75,0.9,9.5,-5.0,2078.67,71.64197,1,54.0,54.0,1110.7592592592594,1090.4259259259259,8.0
7800,1094.0,8.0,1093.0,3.0,1087.0,41.0,1102.0,8.0,1103.0,3.0,1110.0,41.0,1098.0,109600.0,1098.25,0.9,9.5,-5.0,2078.3599,71.661934,1,52.0,52.0,1108.3653846153845,1088.423076923077,8.0
7900,1093.0,6.0,1092.0,2.0,1086.0,41.0,1101.0,6.0,1102.0,2.0,1109.0,41.0,1097.0,109600.0,1097.25,0.9,9.5,-5.0,2078.049,71.68186,1,49.0,49.0,1107.734693877551,1087.1020408163265,8.0
8000,1099.0,2.0,1093.0,9.0,1092.0,2.0,1101.0,9.0,1102.0,2.0,1109.0,48.0,1100.0,107412.203125,1097.0,0.9,9.5,-5.0,2077.7375,71.70176,1,59.0,13.0,1107.542372881356,1093.7692307692307,2.0
8100,1093.0,6.0,1092.0,2.0,1085.0,47.0,1101.0,6.0,1102.0,2.0,1108.0,47.0,1097.0,109610.203125,1096.75,0.9,9.5,-5.0,2077.425,71.72163,1,55.0,55.0,1107.0181818181818,1086.1272727272728,8.0
8200,1092.0,5.0,1091.0,2.0,1084.0,43.0,1100.0,5.0,1101.0,2.0,1107.0,43.0,1096.0,109610.203125,1095.75,0.9,9.5,-5.0,2077.1118,71.74146,1,50.0,50.0,1106.06,1085.08,8.0
8300,1092.0,6.0,1091.0,4.0,1085.0,43.0,1100.0,6.0,1101.0,4.0,1108.0,43.0,1096.0,109610.203125,1096.25,0.9,9.5,-5.0,2076.7979,71.76126,1,53.0,53.0,1106.566037735849,1086.245283018868,8.0
8400,1093.0,9.0,1092.0,3.0,1086.0,46.0,1101.0,9.0,1102.0,3.0,1109.0,46.0,1097.0,109610.203125,1097.25,0.9,9.5,-5.0,2076.483,71.78103,1,58.0,58.0,1107.396551724138,1087.396551724138,8.0
8500,1093.0,7.0,1092.0,2.0,1085.0,39.0,1101.0,7.0,1102.0,2.0,1108.0,39.0,1097.0,109610.203125,1096.75,0.9,9.5,-5.0,2076.1672,71.800766,1,48.0,48.0,1106.7291666666667,1086.4583333333333,8.0
8600,1092.0,8.0,1091.0,4.0,1084.0,46.0,1100.0,8.0,1101.0,4.0,1107.0,46.0,1096.0,109610.203125,1095.75,0.9,9.5,-5.0,2075.8508,71.820465,1,58.0,58.0,1105.6206896551723,1085.5862068965516,8.0
8700,1092.0,7.0,1090.0,2.0,1084.0,51.0,1099.0,7.0,1101.0,2.0,1107.0,51.0,1095.5,109610.203125,1095.5,0.9,9.5,-5.0,2075.5337,71.84013,1,60.0,60.0,1105.8666666666666,1085.1333333333334,7.0
8800,1091.0,8.0,1090.0,3.0,1084.0,44.0,1099.0,8.0,1100.0,3.0,1107.0,44.0,1095.0,109610.203125,1095.25,0.9,9.5,-5.0,2075.2158,71.85977,1,55.0,55.0,1105.4545454545455,1085.3454545454545,8.0
8900,1090.0,9.0,1089.0,4.0,1083.0,48.0,1098.0,9.0,1099.0,4.0,1106.0,48.0,1094.0,109610.203125,1094.25,0.9,9.5,-5.0,2074.8972,71.87938,1,61.0,61.0,1104.360655737705,1084.4262295081967,8.0
9000,1091.0,7.0,1090.0,3.0,1083.0,47.0,1099.0,7.0,1100.0,3.0,1106.0,47.0,1095.0,109610.203125,1094.75,0.9,9.5,-5.0,2074.5776,71.89896,1,57.0,57.0,1104.8245614035088,1084.3508771929824,8.0
9100,1090.0,5.0,1089.0,3.0,1082.0,43.0,1094.0,9.0,1098.0,5.0,1099.0,3.0,1092.0,109610.203125,1093.75,0.9,9.5,-5.0,2074.2573,71.918495,1,17.0,51.0,1096.0588235294117,1083.1960784313726,4.0
9200,1087.0,9.0,1086.0,2.0,1080.0,47.0,1095.0,9.0,1096.0,2.0,1103.0,47.0,1091.0,109610.203125,1091.25,0.9,9.5,-5.0,2073.9363,71.938,1,58.0,58.0,1101.5172413793102,1081.2931034482758,8.0
9300,1087.0,8.0,1086.0,4.0,1080.0,43.0,1095.0,8.0,1096.0,4.0,1103.0,43.0,1091.0,109610.203125,1091.25,0.9,9.5,-5.0,2073.6145,71.95748,1,55.0,55.0,1101.3272727272727,1081.4545454545455,8.0
9400,1088.0,9.0,1087.0,3.0,1081.0,49.0,1096.0,9.0,1097.0,3.0,1104.0,49.0,1092.0,109610.203125,1092.25,0.9,9.5,-5.0,2073.2917,71.97692,1,61.0,61.0,1102.4754098360656,1082.327868852459,8.0
9500,1087.0,8.0,1086.0,4.0,1080.0,48.0,1095.0,8.0,1096.0,4.0,1103.0,48.0,1091.0,109610.203125,1091.25,0.9,9.5,-5.0,2072.9685,71.99634,1,60.0,60.0,1101.4666666666667,1081.3333333333333,8.0
9600,1086.0,10.0,1085.0,3.0,1079.0,50.0,1094.0,10.0,1095.0,3.0,1102.0,50.0,1090.0,109610.203125,1090.25,0.9,9.5,-5.0,2072.6443,72.01572,1,63.0,63.0,1100.3968253968253,1080.3968253968253,8.0
9700,1086.0,5.0,1085.0,3.0,1078.0,50.0,1094.0,5.0,1095.0,3.0,1101.0,50.0,1090.0,109610.203125,1089.75,0.9,9.5,-5.0,2072.3196,72.035065,1,58.0,58.0,1100.0862068965516,1079.051724137931,8.0
9800,1086.0,10.0,1084.0,5.0,1078.0,49.0,1093.0,10.0,1095.0,5.0,1101.0,49.0,1089.5,109610.203125,1089.5,0.9,9.5,-5.0,2071.994,72.05438,1,64.0,64.0,1099.28125,1079.71875,7.0
9900,1088.0,5.0,1085.0,5.0,1084.0,4.0,1093.0,5.0,1094.0,4.0,1100.0,54.0,1090.5,104183.203125,1088.75,0.9,9.5,-5.0,2071.6675,72.07367,1,63.0,14.0,1099.063492063492,1085.7857142857142,5.0
10000,1085.0,10.0,1084.0,5.0,1077.0,47.0,1093.0,10.0,1094.0,5.0,1101.0,47.0,1089.0,109623.203125,1089.0,0.9,9.5,-5.0,2071.3403,72.09292,1,62.0,62.0,1099.1451612903227,1078.8548387096773,8.0
10100,1084.0,7.0,1083.0,4.0,1076.0,41.0,1092.0,7.0,1093.0,4.0,1099.0,41.0,1088.0,109623.203125,1087.75,0.9,9.5,-5.0,2071.0122,72.112144,1,52.0,52.0,1097.5961538461538,1077.6153846153845,8.0
10200,1083.0,5.0,1082.0,4.0,1075.0,48.0,1091.0,5.0,1092.0,4.0,1098.0,48.0,1087.0,109623.203125,1086.75,0.9,9.5,-5.0,2070.6836,72.13133,1,57.0,57.0,1096.9649122807018,1076.1929824561403,8.0
10300,1084.0,8.0,1083.0,3.0,1077.0,47.0,1092.0,8.0,1093.0,3.0,1100.0,47.0,1088.0,109623.203125,1088.25,0.9,9.5,-5.0,2070.3542,72.1505,1,58.0,58.0,1098.5344827586207,1078.2758620689656,8.0
10400,1085.0,7.0,1083.0,4.0,1077.0,46.0,1092.0,7.0,1094.0,4.0,1100.0,46.0,1088.5,109623.203125,1088.5,0.9,9.5,-5.0,2070.024,72.169624,1,57.0,57.0,1098.5964912280701,1078.4035087719299,7.0
10500,1085.0,5.0,1083.0,5.0,1077.0,54.0,1092.0,5.0,1094.0,5.0,1100.0,54.0,1088.5,109623.203125,1088.5,0.9,9.5,-5.0,2069.693,72.18872,1,64.0,64.0,1098.90625,1078.09375,7.0
10600,1086.0,8.0,1085.0,5.0,1078.0,53.0,1094.0,8.0,1095.0,5.0,1101.0,53.0,1090.0,109623.203125,1089.75,0.9,9.5,-5.0,2069.3613,72.20779,1,66.0,66.0,1099.6969696969697,1079.5,8.0
10700,1085.0,8.0,1084.0,4.0,1077.0,41.0,1093.0,8.0,1094.0,4.0,1100.0,41.0,1089.0,109623.203125,1088.75,0.9,9.5,-5.0,2069.029,72.22682,1,53.0,53.0,1098.4905660377358,1078.7358490566037,8.0
10800,1084.0,6.0,1083.0,4.0,1077.0,47.0,1092.0,6.0,1093.0,4.0,1100.0,47.0,1088.0,109623.203125,1088.25,0.9,9.5,-5.0,2068.6958,72.24583,1,57.0,57.0,1098.6666666666667,1078.157894736842,8.0
10900,1085.0,10.0,1084.0,4.0,1077.0,52.0,1093.0,10.0,1094.0,4.0,1100.0,52.0,1089.0,109623.203125,1088.75,0.9,9.5,-5.0,2068.3618,72.26479,1,66.0,66.0,1098.5757575757575,1078.6363636363637,8.0
11000,1085.0,8.0,1084.0,4.0,1077.0,42.0,1093.0,8.0,1094.0,4.0,1100.0,42.0,1089.0,109623.203125,1088.75,0.9,9.5,-5.0,2068.0273,72.28374,1,54.0,54.0,1098.5185185185185,1078.7037037037037,8.0
11100,1083.0,10.0,1082.0,4.0,1076.0,49.0,1091.0,10.0,1092.0,4.0,1099.0,49.0,1087.0,109623.203125,1087.25,0.9,9.5,-5.0,2067.692,72.30265,1,63.0,63.0,1097.2857142857142,1077.4920634920634,8.0
11200,1083.0,10.0,1082.0,5.0,1076.0,56.0,1091.0,10.0,1092.0,5.0,1099.0,56.0,1087.0,109623.203125,1087.25,0.9,9.5,-5.0,2067.3557,72.321526,1,71.0,71.0,1097.380281690141,1077.4084507042253,8.0
11300,1082.0,10.0,1081.0,2.0,1075.0,52.0,1090.0,10.0,1091.0,2.0,1098.0,52.0,1086.0,109623.203125,1086.25,0.9,9.5,-5.0,2067.0188,72.34038,1,64.0,64.0,1096.53125,1076.28125,8.0
11400,1082.0,5.0,1081.0,3.0,1074.0,39.0,1090.0,5.0,1091.0,3.0,1097.0,39.0,1086.0,109623.203125,1085.75,0.9,9.5,-5.0,2066.6814,72.3592,1,47.0,47.0,1095.872340425532,1075.2978723404256,8.0
11500,1082.0,10.0,1081.0,4.0,1074.0,53.0,1090.0,10.0,1091.0,4.0,1097.0,53.0,1086.0,109623.203125,1085.75,0.9,9.5,-5.0,2066.343,72.37798,1,67.0,67.0,1095.597014925373,1075.6119402985075,8.0
11600,1081.0,6.0,1080.0,5.0,1074.0,53.0,1089.0,6.0,1090.0,5.0,1097.0,53.0,1085.0,109623.203125,1085.25,0.9,9.5,-5.0,2066.004,72.39674,1,64.0,64.0,1095.703125,1075.125,8.0
11700,1082.0,7.0,1080.0,3.0,1074.0,44.0,1089.0,7.0,1091.0,3.0,1097.0,44.0,1085.5,109623.203125,1085.5,0.9,9.5,-5.0,2065.6643,72.41547,1,54.0,54.0,1095.6296296296296,1075.3703703703704,7.0
11800,1082.0,7.0,1080.0,2.0,1074.0,43.0,1089.0,7.0,1091.0,2.0,1097.0,43.0,1085.5,109623.203125,1085.5,0.9,9.5,-5.0,2065.3237,72.434166,1,52.0,52.0,1095.6923076923076,1075.3076923076924,7.0
11900,1082.0,10.0,1081.0,2.0,1075.0,42.0,1090.0,10.0,1091.0,2.0,1098.0,42.0,1086.0,109623.203125,1086.25,0.9,9.5,-5.0,2064.9824,72.452835,1,54.0,54.0,1096.2592592592594,1076.5185185185185,8.0
12000,1081.0,5.0,1080.0,2.0,1073.0,38.0,1089.0,5.0,1090.0,2.0,1096.0,38.0,1085.0,109623.203125,1084.75,0.9,9.5,-5.0,2064.6406,72.47147,1,45.0,45.0,1094.9555555555555,1074.2,8.0
12100,1082.0,8.0,1081.0,3.0,1074.0,43.0,1086.0,5.0,1090.0,8.0,1091.0,3.0,1084.0,109623.203125,1085.75,0.9,9.5,-5.0,2064.2979,72.490074,1,16.0,54.0,1088.9375,1075.5740740740741,4.0
12200,1082.0,7.0,1081.0,2.0,1075.0,43.0,1090.0,7.0,1091.0,2.0,1098.0,43.0,1086.0,109623.203125,1086.25,0.9,9.5,-5.0,2063.9546,72.50865,1,52.0,52.0,1096.6538461538462,1076.173076923077,8.0
12300,1083.0,5.0,1082.0,3.0,1076.0,36.0,1091.0,5.0,1092.0,3.0,1099.0,36.0,1087.0,109623.203125,1087.25,0.9,9.5,-5.0,2063.6104,72.5272,1,44.0,44.0,1097.6136363636363,1077.2045454545455,8.0
12400,1083.0,10.0,1082.0,4.0,1076.0,58.0,1091.0,10.0,1092.0,4.0,1099.0,58.0,1087.0,109623.203125,1087.25,0.9,9.5,-5.0,2063.2656,72.545715,1,72.0,72.0,1097.5,1077.3055555555557,8.0
12500,1083.0,5.0,1082.0,5.0,1075.0,45.0,1091.0,5.0,1092.0,5.0,1098.0,45.0,1087.0,109623.203125,1086.75,0.9,9.5,-5.0,2062.9202,72.5642,1,55.0,55.0,1096.8181818181818,1076.3636363636363,8.0
12600,1083.0,5.0,1082.0,3.0,1075.0,43.0,1091.0,5.0,1092.0,3.0,1098.0,43.0,1087.0,109623.203125,1086.75,0.9,9.5,-5.0,2062.574,72.58266,1,51.0,51.0,1096.9607843137255,1076.1960784313726,8.0
12700,1084.0,8.0,1083.0,4.0,1076.0,45.0,1088.0,7.0,1092.0,8.0,1093.0,4.0,1086.0,109623.203125,1087.75,0.9,9.5,-5.0,2062.227,72.60108,1,19.0,57.0,1090.7368421052631,1077.6140350877192,4.0
12800,1084.0,9.0,1083.0,2.0,1076.0,51.0,1092.0,9.0,1093.0,2.0,1099.0,51.0,1088.0,109623.203125,1087.75,0.9,9.5,-5.0,2061.8794,72.619484,1,62.0,62.0,1097.7903225806451,1077.3870967741937,8.0
12900,1083.0,8.0,1082.0,5.0,1075.0,57.0,1091.0,8.0,1092.0,5.0,1098.0,57.0,1087.0,109623.203125,1086.75,0.9,9.5,-5.0,2061.531,72.63785,1,70.0,70.0,1096.7714285714285,1076.4142857142858,8.0
13000,1084.0,7.0,1083.0,4.0,1076.0,50.0,1092.0,7.0,1093.0,4.0,1099.0,50.0,1088.0,109623.203125,1087.75,0.9,9.5,-5.0,2061.1821,72.65619,1,61.0,61.0,1097.8032786885246,1077.377049180328,8.0
13100,1083.0,5.0,1082.0,5.0,1076.0,43.0,1091.0,5.0,1092.0,5.0,1099.0,43.0,1087.0,109623.203125,1087.25,0.9,9.5,-5.0,2060.8323,72.67449,1,53.0,53.0,1097.5849056603774,1077.2264150943397,8.0
13200,1083.0,6.0,1082.0,2.0,1076.0,43.0,1091.0,6.0,1092.0,2.0,1099.0,43.0,1087.0,109623.203125,1087.25,0.9,9.5,-5.0,2060.482,72.69277,1,51.0,51.0,1097.7843137254902,1077.0588235294117,8.0
13300,1085.0,9.0,1084.0,2.0,1077.0,58.0,1093.0,9.0,1094.0,2.0,1100.0,58.0,1089.0,109623.203125,1088.75,0.9,9.5,-5.0,2060.1309,72.71102,1,69.0,69.0,1098.9130434782608,1078.2463768115942,8.0
13400,1084.0,7.0,1083.0,5.0,1077.0,54.0,1092.0,7.0,1093.0,5.0,1100.0,54.0,1088.0,109623.203125,1088.25,0.9,9.5,-5.0,2059.779,72.72925,1,66.0,66.0,1098.621212121212,1078.1969696969697,8.0
13500,1083.0,6.0,1082.0,2.0,1075.0,46.0,1091.0,6.0,1092.0,2.0,1098.0,46.0,1087.0,109623.203125,1086.75,0.9,9.5,-5.0,2059.4265,72.74744,1,54.0,54.0,1097.0,1076.148148148148,8.0
13600,1084.0,7.0,1083.0,3.0,1076.0,50.0,1092.0,7.0,1093.0,3.0,1099.0,50.0,1088.0,109623.203125,1087.75,0.9,9.5,-5.0,2059.0732,72.7656,1,60.0,60.0,1097.8833333333334,1077.2833333333333,8.0
13700,1084.0,8.0,1083.0,4.0,1077.0,57.0,1092.0,8.0,1093.0,4.0,1100.0,57.0,1088.0,109623.203125,1088.25,0.9,9.5,-5.0,2058.7195,72.78373,1,69.0,69.0,1098.6666666666667,1078.159420289855,8.0
13800,1085.0,6.0,1084.0,4.0,1077.0,47.0,1093.0,6.0,1094.0,4.0,1100.0,47.0,1089.0,109623.203125,1088.75,0.9,9.5,-5.0,2058.3647,72.801834,1,57.0,57.0,1098.842105263158,1078.3333333333333,8.0
13900,1085.0,6.0,1084.0,5.0,1077.0,46.0,1093.0,6.0,1094.0,5.0,1101.0,46.0,1089.0,109623.203125,1089.0,0.9,9.5,-5.0,2058.0095,72.81991,1,57.0,57.0,1099.5438596491229,1078.4561403508771,8.0
14000,1087.0,7.0,1086.0,2.0,1080.0,50.0,1095.0,7.0,1096.0,2.0,1103.0,50.0,1091.0,109623.203125,1091.25,0.9,9.5,-5.0,2057.6536,72.83796,1,59.0,59.0,1101.8135593220338,1081.0338983050847,8.0
14100,1087.0,10.0,1086.0,2.0,1080.0,50.0,1095.0,10.0,1096.0,2.0,1103.0,50.0,1091.0,109623.203125,1091.25,0.9,9.5,-5.0,2057.297,72.85597,1,62.0,62.0,1101.483870967742,1081.3225806451612,8.0
14200,1086.0,9.0,1085.0,4.0,1078.0,50.0,1094.0,9.0,1095.0,4.0,1101.0,50.0,1090.0,109623.203125,1089.75,0.9,9.5,-5.0,2056.9397,72.87396,1,63.0,63.0,1099.6190476190477,1079.5873015873017,8.0
14300,1086.0,6.0,1085.0,4.0,1078.0,48.0,1094.0,6.0,1095.0,4.0,1101.0,48.0,1090.0,109623.203125,1089.75,0.9,9.5,-5.0,2056.5818,72.89192,1,58.0,58.0,1099.8620689655172,1079.3103448275863,8.0
14400,1086.0,5.0,1085.0,5.0,1078.0,49.0,1094.0,5.0,1095.0,5.0,1102.0,49.0,1090.0,109623.203125,1090.0,0.9,9.5,-5.0,2056.2231,72.90986,1,59.0,59.0,1100.7288135593221,1079.2711864406779,8.0
14500,1087.0,10.0,1086.0,5.0,1079.0,44.0,1095.0,10.0,1096.0,5.0,1102.0,44.0,1091.0,109623.203125,1090.75,0.9,9.5,-5.0,2055.8638,72.92776,1,59.0,59.0,1100.3050847457628,1080.949152542373,8.0
14600,1088.0,7.0,1087.0,2.0,1080.0,41.0,1096.0,7.0,1097.0,2.0,1103.0,41.0,1092.0,109623.203125,1091.75,0.9,9.5,-5.0,2055.504,72.94563,1,50.0,50.0,1101.78,1081.4,8.0
14700,1088.0,9.0,1087.0,4.0,1080.0,48.0,1096.0,9.0,1097.0,4.0,1103.0,48.0,1092.0,109623.203125,1091.75,0.9,9.5,-5.0,2055.143,72.96348,1,61.0,61.0,1101.5737704918033,1081.639344262295,8.0
14800,1088.0,6.0,1087.0,3.0,1080.0,44.0,1096.0,6.0,1097.0,3.0,1103.0,44.0,1092.0,109623.203125,1091.75,0.9,9.5,-5.0,2054.7817,72.9813,1,53.0,53.0,1101.867924528302,1081.301886792453,8.0
14900,1092.0,8.0,1089.0,7.0,1088.0,5.0,1097.0,7.0,1098.0,5.0,1104.0,47.0,1094.5,100908.0,1092.75,0.9,9.5,-5.0,2054.42,72.99909,1,59.0,20.0,1102.6610169491526,1089.95,5.0
15000,1088.0,9.0,1087.0,4.0,1081.0,51.0,1096.0,9.0,1097.0,4.0,1104.0,51.0,1092.0,109644.0,1092.25,0.9,9.5,-5.0,2054.0571,73.01685,1,64.0,64.0,1102.4375,1082.359375,8.0
15100,1088.0,10.0,1087.0,2.0,1081.0,52.0,1096.0,10.0,1097.0,2.0,1104.0,52.0,1092.0,109644.0,1092.25,0.9,9.5,-5.0,2053.6938,73.034584,1,64.0,64.0,1102.53125,1082.28125,8.0
15200,1087.0,6.0,1086.0,3.0,1080.0,45.0,1095.0,6.0,1096.0,3.0,1103.0,45.0,1091.0,109644.0,1091.25,0.9,9.5,-5.0,2053.3298,73.05229,1,54.0,54.0,1101.7222222222222,1081.111111111111,8.0
15300,1087.0,5.0,1086.0,4.0,1080.0,46.0,1095.0,5.0,1096.0,4.0,1103.0,46.0,1091.0,109644.0,1091.25,0.9,9.5,-5.0,2052.9653,73.06997,1,55.0,55.0,1101.7636363636364,1081.0727272727272,8.0
15400,1087.0,10.0,1086.0,3.0,1079.0,52.0,1095.0,10.0,1096.0,3.0,1102.0,52.0,1091.0,109644.0,1090.75,0.9,9.5,-5.0,2052.5999,73.087616,1,65.0,65.0,1100.6461538461538,1080.553846153846,8.0
15500,1094.0,4.0,1088.0,8.0,1087.0,4.0,1096.0,8.0,1097.0,4.0,1104.0,45.0,1095.0,105288.3984375,1092.25,0.9,9.5,-5.0,2052.234,73.10524,1,57.0,16.0,1102.3859649122808,1089.25,2.0
15600,1088.0,6.0,1087.0,4.0,1080.0,47.0,1096.0,6.0,1097.0,4.0,1103.0,47.0,1092.0,109664.3984375,1091.75,0.9,9.5,-5.0,2051.8674,73.12283,1,57.0,57.0,1101.842105263158,1081.3333333333333,8.0
15700,1087.0,5.0,1086.0,3.0,1080.0,35.0,1095.0,5.0,1096.0,3.0,1103.0,35.0,1091.0,109664.3984375,1091.25,0.9,9.5,-5.0,2051.5002,73.1404,1,43.0,43.0,1101.5813953488373,1081.2325581395348,8.0
15800,1087.0,8.0,1086.0,4.0,1080.0,49.0,1095.0,8.0,1096.0,4.0,1103.0,49.0,1091.0,109664.3984375,1091.25,0.9,9.5,-5.0,2051.1323,73.157936,1,61.0,61.0,1101.4918032786886,1081.311475409836,8.0
15900,1086.0,5.0,1085.0,2.0,1079.0,47.0,1089.0,5.0,1094.0,5.0,1095.0,2.0,1087.5,109664.3984375,1090.25,0.9,9.5,-5.0,2050.7637,73.17545,1,12.0,54.0,1092.0833333333333,1079.8703703703704,3.0
16000,1087.0,6.0,1086.0,5.0,1080.0,45.0,1095.0,6.0,1096.0,5.0,1103.0,45.0,1091.0,109664.3984375,1091.25,0.9,9.5,-5.0,2050.3945,73.19293,1,56.0,56.0,1101.517857142857,1081.2857142857142,8.0
16100,1087.0,8.0,1086.0,2.0,1080.0,44.0,1095.0,8.0,1096.0,2.0,1103.0,44.0,1091.0,109664.3984375,1091.25,0.9,9.5,-5.0,2050.0247,73.21039,1,54.0,54.0,1101.5555555555557,1081.2592592592594,8.0
16200,1087.0,6.0,1086.0,2.0,1079.0,37.0,1095.0,6.0,1096.0,2.0,1103.0,37.0,1091.0,109664.3984375,1091.0,0.9,9.5,-5.0,2049.6543,73.22782,1,45.0,45.0,1101.6222222222223,1080.3777777777777,8.0
16300,1086.0,8.0,1085.0,2.0,1078.0,49.0,1094.0,8.0,1095.0,2.0,1101.0,49.0,1090.0,109664.3984375,1089.75,0.9,9.5,-5.0,2049.2832,73.245224,1,59.0,59.0,1099.8474576271187,1079.322033898305,8.0
16400,1086.0,7.0,1084.0,5.0,1078.0,52.0,1093.0,7.0,1095.0,5.0,1101.0,52.0,1089.5,109664.3984375,1089.5,0.9,9.5,-5.0,2048.9114,73.262596,1,64.0,64.0,1099.65625,1079.34375,7.0
16500,1088.0,8.0,1085.0,10.0,1084.0,4.0,1093.0,10.0,1094.0,4.0,1100.0,47.0,1090.5,100981.1953125,1088.75,0.9,9.5,-5.0,2048.539,73.279945,1,61.0,22.0,1098.4590163934427,1085.909090909091,5.0
16600,1084.0,8.0,1083.0,2.0,1076.0,45.0,1086.0,3.0,1092.0,8.0,1093.0,2.0,1085.0,109685.1953125,1087.75,0.9,9.5,-5.0,2048.166,73.297264,1,13.0,55.0,1090.7692307692307,1077.418181818182,2.0
16700,1085.0,5.0,1084.0,5.0,1077.0,48.0,1093.0,5.0,1094.0,5.0,1100.0,48.0,1089.0,109685.1953125,1088.75,0.9,9.5,-5.0,2047.7924,73.31456,1,58.0,58.0,1098.8793103448277,1078.2931034482758,8.0
16800,1085.0,9.0,1083.0,4.0,1077.0,46.0,1092.0,9.0,1094.0,4.0,1100.0,46.0,1088.5,109685.1953125,1088.5,0.9,9.5,-5.0,2047.4181,73.331825,1,59.0,59.0,1098.3728813559321,1078.6271186440679,7.0
16900,1084.0,8.0,1083.0,4.0,1076.0,50.0,1092.0,8.0,1093.0,4.0,1099.0,50.0,1088.0,109685.1953125,1087.75,0.9,9.5,-5.0,2047.0432,73.34907,1,62.0,62.0,1097.7096774193549,1077.483870967742,8.0
17000,1085.0,6.0,1084.0,4.0,1078.0,46.0,1093.0,6.0,1094.0,4.0,1101.0,46.0,1089.0,109685.1953125,1089.25,0.8,9.5,-5.0,2046.6676,73.36628,1,56.0,56.0,1099.642857142857,1079.1785714285713,8.0
17100,1086.0,6.0,1085.0,4.0,1078.0,50.0,1094.0,6.0,1095.0,4.0,1101.0,50.0,1090.0,109685.1953125,1089.75,0.8,9.5,-5.0,2046.2915,73.38347,1,60.0,60.0,1099.9,1079.2666666666667,8.0
17200,1086.0,9.0,1085.0,3.0,1078.0,52.0,1094.0,9.0,1095.0,3.0,1101.0,52.0,1090.0,109685.1953125,1089.75,0.8,9.5,-4.5,2045.9147,73.40063,1,64.0,64.0,1099.734375,1079.453125,8.0
17300,1083.0,6.0,1082.0,3.0,1075.0,48.0,1091.0,6.0,1092.0,3.0,1098.0,48.0,1087.0,109685.1953125,1086.75,0.8,9.5,-4.5,2045.5374,73.41776,1,57.0,57.0,1096.9473684210527,1076.2105263157894,8.0
17400,1083.0,9.0,1082.0,4.0,1075.0,41.0,1091.0,9.0,1092.0,4.0,1098.0,41.0,1087.0,109685.1953125,1086.75,0.8,9.5,-4.5,2045.1593,73.43487,1,54.0,54.0,1096.388888888889,1076.851851851852,8.0
17500,1082.0,9.0,1081.0,2.0,1075.0,51.0,1090.0,9.0,1091.0,2.0,1098.0,51.0,1086.0,109685.1953125,1086.25,0.8,9.5,-4.5,2044.7806,73.45194,1,62.0,62.0,1096.6129032258063,1076.2096774193549,8.0
17600,1082.0,8.0,1081.0,5.0,1075.0,48.0,1090.0,8.0,1091.0,5.0,1098.0,48.0,1086.0,109685.1953125,1086.25,0.8,9.5,-4.5,2044.4015,73.469,1,61.0,61.0,1096.377049180328,1076.4098360655737,8.0
17700,1082.0,10.0,1081.0,2.0,1075.0,48.0,1090.0,10.0,1091.0,2.0,1098.0,48.0,1086.0,109685.1953125,1086.25,0.8,9.5,-4.5,2044.0216,73.48603,1,60.0,60.0,1096.4333333333334,1076.3666666666666,8.0
17800,1083.0,10.0,1081.0,4.0,1075.0,46.0,1090.0,10.0,1092.0,4.0,1098.0,46.0,1086.5,109685.1953125,1086.5,0.8,9.5,-4.5,2043.6411,73.50303,1,60.0,60.0,1096.2666666666667,1076.7333333333333,7.0
17900,1082.0,7.0,1081.0,4.0,1074.0,47.0,1090.0,7.0,1091.0,4.0,1097.0,47.0,1086.0,109685.1953125,1085.75,0.8,9.5,-4.5,2043.26,73.520004,1,58.0,58.0,1095.7413793103449,1075.448275862069,8.0
18000,1082.0,6.0,1081.0,3.0,1075.0,39.0,1090.0,6.0,1091.0,3.0,1098.0,39.0,1086.0,109685.1953125,1086.25,0.8,9.5,-4.5,2042.8784,73.53696,1,48.0,48.0,1096.5625,1076.25,8.0
18100,1082.0,5.0,1081.0,5.0,1075.0,55.0,1090.0,5.0,1091.0,5.0,1098.0,55.0,1086.0,109685.1953125,1086.25,0.8,9.5,-4.5,2042.4961,73.55388,1,65.0,65.0,1096.8461538461538,1076.0,8.0
18200,1081.0,6.0,1080.0,5.0,1074.0,49.0,1089.0,6.0,1090.0,5.0,1097.0,49.0,1085.0,109685.1953125,1085.25,0.8,9.5,-4.5,2042.1132,73.57077,1,60.0,60.0,1095.6166666666666,1075.2,8.0
18300,1083.0,7.0,1082.0,2.0,1075.0,55.0,1091.0,7.0,1092.0,2.0,1098.0,55.0,1087.0,109685.1953125,1086.75,0.8,9.5,-4.5,2041.7297,73.58765,1,64.0,64.0,1097.046875,1076.09375,8.0
18400,1083.0,9.0,1081.0,3.0,1075.0,50.0,1090.0,9.0,1092.0,3.0,1098.0,50.0,1086.5,109685.1953125,1086.5,0.8,9.5,-4.5,2041.3456,73.60449,1,62.0,62.0,1096.5483870967741,1076.4516129032259,7.0
18500,1083.0,7.0,1082.0,5.0,1076.0,46.0,1091.0,7.0,1092.0,5.0,1099.0,46.0,1087.0,109685.1953125,1087.25,0.8,9.5,-4.5,2040.9609,73.62131,1,58.0,58.0,1097.4310344827586,1077.3620689655172,8.0
18600,1084.0,5.0,1083.0,4.0,1077.0,48.0,1092.0,5.0,1093.0,4.0,1100.0,48.0,1088.0,109685.1953125,1088.25,0.8,9.5,-4.5,2040.5757,73.63811,1,57.0,57.0,1098.8070175438597,1078.0350877192982,8.0
18700,1083.0,7.0,1082.0,3.0,1076.0,38.0,1091.0,7.0,1092.0,3.0,1099.0,38.0,1087.0,109685.1953125,1087.25,0.8,9.5,-4.5,2040.1898,73.65487,1,48.0,48.0,1097.3958333333333,1077.3958333333333,8.0
18800,1085.0,9.0,1084.0,4.0,1077.0,53.0,1093.0,9.0,1094.0,4.0,1100.0,53.0,1089.0,109685.1953125,1088.75,0.8,9.5,-4.5,2039.8033,73.671616,1,66.0,66.0,1098.6818181818182,1078.5151515151515,8.0
18900,1085.0,9.0,1084.0,3.0,1077.0,57.0,1093.0,9.0,1094.0,3.0,1101.0,57.0,1089.0,109685.1953125,1089.0,0.8,9.5,-4.5,2039.4163,73.68833,1,69.0,69.0,1099.6521739130435,1078.3478260869565,8.0
19000,1083.0,9.0,1082.0,2.0,1075.0,54.0,1091.0,9.0,1092.0,2.0,1098.0,54.0,1087.0,109685.1953125,1086.75,0.8,9.5,-4.5,2039.0287,73.705025,1,65.0,65.0,1096.8461538461538,1076.323076923077,8.0
19100,1082.0,8.0,1081.0,2.0,1075.0,54.0,1090.0,8.0,1091.0,2.0,1098.0,54.0,1086.0,109685.1953125,1086.25,0.8,9.5,-4.5,2038.6404,73.72169,1,64.0,64.0,1096.78125,1076.0625,8.0
19200,1082.0,10.0,1081.0,4.0,1075.0,49.0,1090.0,10.0,1091.0,4.0,1098.0,49.0,1086.0,109685.1953125,1086.25,0.8,9.5,-4.5,2038.2516,73.738335,1,63.0,63.0,1096.2857142857142,1076.4920634920634,8.0
19300,1084.0,10.0,1083.0,2.0,1077.0,52.0,1092.0,10.0,1093.0,2.0,1100.0,52.0,1088.0,109685.1953125,1088.25,0.8,9.5,-4.5,2037.8622,73.75495,1,64.0,64.0,1098.53125,1078.28125,8.0
19400,1083.0,7.0,1082.0,2.0,1076.0,51.0,1091.0,7.0,1092.0,2.0,1099.0,51.0,1087.0,109685.1953125,1087.25,0.8,9.5,-4.5,2037.4722,73.77154,1,60.0,60.0,1097.8333333333333,1077.0166666666667,8.0
19500,1083.0,10.0,1082.0,2.0,1075.0,47.0,1091.0,10.0,1092.0,2.0,1098.0,47.0,1087.0,109685.1953125,1086.75,0.8,9.5,-4.5,2037.0817,73.78811,1,59.0,59.0,1096.6101694915253,1076.593220338983,8.0
19600,1083.0,7.0,1082.0,4.0,1076.0,50.0,1091.0,7.0,1092.0,4.0,1099.0,50.0,1087.0,109685.1953125,1087.25,0.8,9.5,-4.5,2036.6906,73.80465,1,61.0,61.0,1097.622950819672,1077.1967213114754,8.0
19700,1084.0,9.0,1083.0,2.0,1077.0,51.0,1092.0,9.0,1093.0,2.0,1100.0,51.0,1088.0,109685.1953125,1088.25,0.8,9.5,-4.5,2036.2988,73.82116,1,62.0,62.0,1098.6129032258063,1078.2096774193549,8.0
19800,1085.0,5.0,1084.0,2.0,1078.0,50.0,1093.0,5.0,1094.0,2.0,1101.0,50.0,1089.0,109685.1953125,1089.25,0.8,9.5,-4.5,2035.9066,73.837654,1,57.0,57.0,1100.0526315789473,1078.8245614035088,8.0
19900,1087.0,5.0,1086.0,4.0,1080.0,49.0,1095.0,5.0,1096.0,4.0,1103.0,49.0,1091.0,109685.1953125,1091.25,0.8,9.5,-4.5,2035.5137,73.85412,1,58.0,58.0,1101.8275862068965,1081.0172413793102,8.0
20000,1087.0,6.0,1086.0,4.0,1080.0,43.0,1095.0,6.0,1096.0,4.0,1103.0,43.0,1091.0,109685.1953125,1091.25,0.8,9.5,-4.5,2035.1202,73.87056,1,53.0,53.0,1101.566037735849,1081.245283018868,8.0
20100,1088.0,9.0,1087.0,4.0,1081.0,50.0,1096.0,9.0,1097.0,4.0,1104.0,50.0,1092.0,109685.1953125,1092.25,0.8,9.5,-4.5,2034.7263,73.88698,1,63.0,63.0,1102.4126984126983,1082.3809523809523,8.0
20200,1093.0,9.0,1090.0,6.0,1089.0,4.0,1098.0,6.0,1099.0,4.0,1105.0,42.0,1095.5,99867.9921875,1093.75,0.8,9.5,-4.5,2034.3318,73.90337,1,52.0,19.0,1103.7307692307693,1091.2105263157894,5.0
20300,1088.0,5.0,1087.0,4.0,1080.0,49.0,1096.0,5.0,1097.0,4.0,1103.0,49.0,1092.0,109704.9921875,1091.75,0.8,9.5,-4.5,2033.9366,73.91974,1,58.0,58.0,1101.9827586206898,1081.1724137931035,8.0
20400,1089.0,9.0,1088.0,3.0,1081.0,55.0,1097.0,9.0,1098.0,3.0,1104.0,55.0,1093.0,109704.9921875,1092.75,0.8,9.5,-4.5,2033.541,73.93608,1,67.0,67.0,1102.7910447761194,1082.3880597014925,8.0
20500,1088.0,8.0,1087.0,5.0,1080.0,56.0,1090.0,2.0,1096.0,8.0,1097.0,5.0,1089.0,109704.9921875,1091.75,0.8,9.5,-4.5,2033.1448,73.9524,1,15.0,69.0,1095.5333333333333,1081.4347826086957,2.0
20600,1088.0,8.0,1087.0,3.0,1080.0,50.0,1096.0,8.0,1097.0,3.0,1103.0,50.0,1092.0,109704.9921875,1091.75,0.8,9.5,-4.5,2032.7479,73.9687,1,61.0,61.0,1101.7868852459017,1081.3934426229507,8.0
20700,1088.0,5.0,1087.0,3.0,1080.0,38.0,1096.0,5.0,1097.0,3.0,1103.0,38.0,1092.0,109704.9921875,1091.75,0.8,9.5,-4.5,2032.3506,73.98497,1,46.0,46.0,1101.8478260869565,1081.3260869565217,8.0
20800,1088.0,7.0,1087.0,5.0,1080.0,48.0,1096.0,7.0,1097.0,5.0,1103.0,48.0,1092.0,109704.9921875,1091.75,0.8,9.5,-4.5,2031.9528,74.00121,1,60.0,60.0,1101.6833333333334,1081.5166666666667,8.0
20900,1088.0,9.0,1087.0,2.0,1081.0,48.0,1096.0,9.0,1097.0,2.0,1104.0,48.0,1092.0,109704.9921875,1092.25,0.8,9.5,-4.5,2031.5543,74.01744,1,59.0,59.0,1102.542372881356,1082.2711864406779,8.0
21000,1088.0,9.0,1087.0,5.0,1080.0,43.0,1096.0,9.0,1097.0,5.0,1103.0,43.0,1092.0,109704.9921875,1091.75,0.8,9.5,-4.5,2031.1553,74.03364,1,57.0,57.0,1101.3684210526317,1081.877192982456,8.0
21100,1088.0,5.0,1087.0,2.0,1080.0,51.0,1096.0,5.0,1097.0,2.0,1103.0,51.0,1092.0,109704.9921875,1091.75,0.8,9.5,-4.5,2030.7557,74.04981,1,58.0,58.0,1102.1896551724137,1080.9310344827586,8.0
21200,1086.0,10.0,1085.0,5.0,1078.0,53.0,1094.0,10.0,1095.0,5.0,1101.0,53.0,1090.0,109704.9921875,1089.75,0.8,9.5,-4.5,2030.3556,74.06596,1,68.0,68.0,1099.5294117647059,1079.6911764705883,8.0
21300,1084.0,8.0,1083.0,2.0,1077.0,55.0,1092.0,8.0,1093.0,2.0,1100.0,55.0,1088.0,109704.9921875,1088.25,0.8,9.5,-4.5,2029.955,74.082085,1,65.0,65.0,1098.8,1078.0461538461539,8.0
21400,1085.0,9.0,1083.0,2.0,1077.0,53.0,1092.0,9.0,1094.0,2.0,1100.0,53.0,1088.5,109704.9921875,1088.5,0.8,9.5,-4.5,2029.5538,74.09819,1,64.0,64.0,1098.6875,1078.3125,7.0
21500,1083.0,9.0,1082.0,2.0,1076.0,58.0,1091.0,9.0,1092.0,2.0,1099.0,58.0,1087.0,109704.9921875,1087.25,0.8,9.5,-4.5,2029.1521,74.114265,1,69.0,69.0,1097.7536231884058,1077.0869565217392,8.0
21600,1082.0,10.0,1081.0,4.0,1075.0,51.0,1090.0,10.0,1091.0,4.0,1098.0,51.0,1086.0,109704.9921875,1086.25,0.8,9.5,-4.5,2028.7498,74.130325,1,65.0,65.0,1096.3384615384616,1076.446153846154,8.0
21700,1082.0,9.0,1081.0,3.0,1075.0,54.0,1090.0,9.0,1091.0,3.0,1098.0,54.0,1086.0,109704.9921875,1086.25,0.8,9.5,-4.5,2028.347,74.146355,1,66.0,66.0,1096.590909090909,1076.2272727272727,8.0
21800,1083.0,7.0,1081.0,5.0,1075.0,46.0,1090.0,7.0,1092.0,5.0,1098.0,46.0,1086.5,109704.9921875,1086.5,0.8,9.5,-4.5,2027.9437,74.16237,1,58.0,58.0,1096.5172413793102,1076.4827586206898,7.0
21900,1083.0,6.0,1081.0,2.0,1075.0,52.0,1090.0,6.0,1092.0,2.0,1098.0,52.0,1086.5,109704.9921875,1086.5,0.8,9.5,-4.5,2027.5398,74.17835,1,60.0,60.0,1097.0,1076.0,7.0
22000,1083.0,6.0,1081.0,2.0,1075.0,46.0,1090.0,6.0,1092.0,2.0,1098.0,46.0,1086.5,109704.9921875,1086.5,0.8,9.5,-4.5,2027.1354,74.19431,1,54.0,54.0,1096.888888888889,1076.111111111111,7.0
22100,1083.0,10.0,1081.0,5.0,1075.0,53.0,1090.0,10.0,1092.0,5.0,1098.0,53.0,1086.5,109704.9921875,1086.5,0.8,9.5,-4.5,2026.7305,74.21025,1,68.0,68.0,1096.3823529411766,1076.6176470588234,7.0
22200,1082.0,5.0,1081.0,2.0,1074.0,44.0,1090.0,5.0,1091.0,2.0,1097.0,44.0,1086.0,109704.9921875,1085.75,0.8,9.5,-4.5,2026.3251,74.226166,1,51.0,51.0,1096.078431372549,1075.0588235294117,8.0
22300,1082.0,9.0,1081.0,5.0,1074.0,47.0,1090.0,9.0,1091.0,5.0,1097.0,47.0,1086.0,109704.9921875,1085.75,0.8,9.5,-4.5,2025.9191,74.24206,1,61.0,61.0,1095.4754098360656,1075.7540983606557,8.0
22400,1082.0,6.0,1081.0,3.0,1074.0,45.0,1090.0,6.0,1091.0,3.0,1097.0,45.0,1086.0,109704.9921875,1085.75,0.8,9.5,-4.5,2025.5126,74.25793,1,54.0,54.0,1095.888888888889,1075.2777777777778,8.0
22500,1082.0,7.0,1081.0,4.0,1074.0,46.0,1090.0,7.0,1091.0,4.0,1098.0,46.0,1086.0,109704.9921875,1086.0,0.8,9.5,-4.5,2025.1056,74.27377,1,57.0,57.0,1096.5263157894738,1075.4736842105262,8.0
22600,1083.0,8.0,1082.0,5.0,1075.0,51.0,1091.0,8.0,1092.0,5.0,1098.0,51.0,1087.0,109704.9921875,1086.75,0.8,9.5,-4.5,2024.698,74.2896,1,64.0,64.0,1096.65625,1076.546875,8.0
22700,1083.0,10.0,1082.0,2.0,1075.0,55.0,1091.0,10.0,1092.0,2.0,1098.0,55.0,1087.0,109704.9921875,1086.75,0.8,9.5,-4.5,2024.2899,74.3054,1,67.0,67.0,1096.7761194029852,1076.402985074627,8.0
22800,1083.0,7.0,1082.0,5.0,1075.0,49.0,1091.0,7.0,1092.0,5.0,1098.0,49.0,1087.0,109704.9921875,1086.75,0.8,9.5,-4.5,2023.8813,74.321175,1,61.0,61.0,1096.704918032787,1076.4918032786886,8.0
22900,1085.0,6.0,1084.0,3.0,1077.0,46.0,1093.0,6.0,1094.0,3.0,1100.0,46.0,1089.0,109704.9921875,1088.75,0.8,9.5,-4.5,2023.4723,74.33693,1,55.0,55.0,1098.909090909091,1078.2545454545455,8.0
23000,1082.0,10.0,1081.0,2.0,1074.0,48.0,1090.0,10.0,1091.0,2.0,1097.0,48.0,1086.0,109704.9921875,1085.75,0.8,9.5,-4.5,2023.0626,74.35266,1,60.0,60.0,1095.6333333333334,1075.5666666666666,8.0
23100,1081.0,6.0,1080.0,4.0,1073.0,53.0,1089.0,6.0,1090.0,4.0,1096.0,53.0,1085.0,109704.9921875,1084.75,0.8,9.5,-4.5,2022.6526,74.36837,1,63.0,63.0,1094.952380952381,1074.2063492063492,8.0
23200,1080.0,6.0,1079.0,5.0,1073.0,53.0,1088.0,6.0,1089.0,5.0,1096.0,53.0,1084.0,109704.9921875,1084.25,0.8,9.5,-4.5,2022.242,74.38406,1,64.0,64.0,1094.703125,1074.125,8.0
23300,1081.0,8.0,1080.0,2.0,1073.0,48.0,1089.0,8.0,1090.0,2.0,1096.0,48.0,1085.0,109704.9921875,1084.75,0.8,9.5,-4.5,2021.8308,74.39973,1,58.0,58.0,1094.8275862068965,1074.344827586207,8.0
23400,1082.0,7.0,1081.0,4.0,1074.0,48.0,1090.0,7.0,1091.0,4.0,1097.0,48.0,1086.0,109704.9921875,1085.75,0.8,9.5,-4.5,2021.4192,74.41537,1,59.0,59.0,1095.7627118644068,1075.4237288135594,8.0
23500,1081.0,9.0,1080.0,2.0,1073.0,51.0,1089.0,9.0,1090.0,2.0,1096.0,51.0,1085.0,109704.9921875,1084.75,0.8,9.5,-4.5,2021.007,74.430984,1,62.0,62.0,1094.7903225806451,1074.3870967741937,8.0
23600,1082.0,8.0,1081.0,2.0,1075.0,48.0,1089.0,8.0,1090.0,2.0,1096.0,48.0,1085.5,109704.9921875,1085.75,0.8,8.5,-4.5,2020.5944,74.44659,1,58.0,58.0,1094.8275862068965,1076.1724137931035,7.0
23700,1083.0,6.0,1082.0,5.0,1076.0,48.0,1090.0,6.0,1091.0,5.0,1097.0,48.0,1086.5,109704.9921875,1086.75,0.8,8.5,-4.5,2020.1813,74.46216,1,59.0,59.0,1095.7796610169491,1077.2203389830509,7.0
23800,1084.0,7.0,1083.0,2.0,1077.0,50.0,1091.0,7.0,1092.0,2.0,1098.0,50.0,1087.5,109704.9921875,1087.75,0.8,8.5,-4.5,2019.7676,74.477715,1,59.0,59.0,1096.9661016949153,1078.0338983050847,7.0
23900,1085.0,6.0,1084.0,2.0,1078.0,50.0,1092.0,6.0,1093.0,2.0,1099.0,50.0,1088.5,109704.9921875,1088.75,0.8,8.5,-4.5,2019.3535,74.49325,1,58.0,58.0,1098.0689655172414,1078.9310344827586,7.0
24000,1084.0,10.0,1083.0,5.0,1077.0,47.0,1091.0,10.0,1092.0,5.0,1098.0,47.0,1087.5,109704.9921875,1087.75,0.8,8.5,-4.5,2018.9388,74.50876,1,62.0,62.0,1096.3870967741937,1078.6129032258063,7.0
24100,1085.0,8.0,1084.0,5.0,1078.0,50.0,1092.0,8.0,1093.0,5.0,1099.0,50.0,1088.5,109704.9921875,1088.75,0.8,8.5,-4.5,2018.5237,74.52425,1,63.0,63.0,1097.6349206349207,1079.3650793650793,7.0
24200,1083.0,6.0,1082.0,4.0,1076.0,50.0,1090.0,6.0,1091.0,4.0,1097.0,50.0,1086.5,109704.9921875,1086.25,0.8,8.5,-4.5,2018.1082,74.53971,1,60.0,60.0,1095.9,1077.1,7.0
24300,1087.0,6.0,1084.0,8.0,1083.0,5.0,1091.0,8.0,1092.0,5.0,1098.0,49.0,1089.0,103199.1953125,1087.25,0.8,8.5,-4.5,2017.692,74.55515,1,62.0,19.0,1096.6129032258063,1084.6842105263158,4.0
24400,1085.0,9.0,1084.0,3.0,1078.0,43.0,1092.0,9.0,1093.0,3.0,1099.0,43.0,1088.5,109721.1953125,1088.75,0.8,8.5,-4.5,2017.2755,74.57057,1,55.0,55.0,1097.5272727272727,1079.4727272727273,7.0
24500,1086.0,10.0,1085.0,3.0,1079.0,54.0,1093.0,10.0,1094.0,3.0,1100.0,54.0,1089.5,109721.1953125,1089.25,0.8,8.5,-4.5,2016.8584,74.585976,1,67.0,67.0,1098.686567164179,1080.313432835821,7.0
24600,1086.0,5.0,1085.0,2.0,1079.0,44.0,1090.0,5.0,1093.0,5.0,1094.0,2.0,1088.0,109721.1953125,1089.25,0.8,8.5,-4.5,2016.4409,74.60136,1,12.0,51.0,1091.9166666666667,1079.921568627451,4.0
24700,1083.0,10.0,1082.0,3.0,1076.0,47.0,1090.0,10.0,1091.0,3.0,1097.0,47.0,1086.5,109721.1953125,1086.75,0.8,8.5,-4.5,2016.0228,74.616714,1,60.0,60.0,1095.5333333333333,1077.4666666666667,7.0
24800,1085.0,7.0,1084.0,3.0,1078.0,42.0,1092.0,7.0,1093.0,3.0,1099.0,42.0,1088.5,109721.1953125,1088.75,0.8,8.5,-4.5,2015.6044,74.63205,1,52.0,52.0,1097.7115384615386,1079.2884615384614,7.0
24900,1088.0,5.0,1085.0,8.0,1084.0,2.0,1092.0,8.0,1093.0,2.0,1099.0,55.0,1090.0,104292.1953125,1088.5,0.8,8.5,-4.5,2015.1854,74.64736,1,65.0,15.0,1097.9538461538461,1085.8666666666666,4.0
25000,1084.0,8.0,1083.0,3.0,1077.0,47.0,1091.0,8.0,1092.0,3.0,1098.0,47.0,1087.5,109732.1953125,1087.75,0.8,8.5,-4.5,2014.7659,74.66266,1,58.0,58.0,1096.7241379310344,1078.2758620689656,7.0
25100,1085.0,8.0,1084.0,3.0,1078.0,48.0,1092.0,8.0,1093.0,3.0,1099.0,48.0,1088.5,109732.1953125,1088.75,0.8,8.5,-4.5,2014.346,74.67793,1,59.0,59.0,1097.7457627118645,1079.2542372881355,7.0
25200,1085.0,5.0,1084.0,4.0,1078.0,47.0,1092.0,5.0,1093.0,4.0,1099.0,47.0,1088.5,109732.1953125,1088.25,0.8,8.5,-4.5,2013.9255,74.693184,1,56.0,56.0,1097.9464285714287,1079.0535714285713,7.0
25300,1084.0,5.0,1083.0,5.0,1077.0,49.0,1092.0,5.0,1093.0,5.0,1099.0,49.0,1088.0,109732.1953125,1088.0,0.8,8.5,-4.5,2013.5048,74.70841,1,59.0,59.0,1097.8983050847457,1078.1016949152543,8.0
25400,1083.0,7.0,1082.0,4.0,1076.0,55.0,1090.0,7.0,1091.0,4.0,1097.0,55.0,1086.5,109732.1953125,1086.75,0.8,8.5,-4.5,2013.0834,74.723625,1,66.0,66.0,1095.8939393939395,1077.1060606060605,7.0
25500,1080.0,6.0,1079.0,2.0,1073.0,44.0,1087.0,6.0,1088.0,2.0,1094.0,44.0,1083.5,109732.1953125,1083.75,0.8,8.5,-4.5,2012.6616,74.73881,1,52.0,52.0,1092.9615384615386,1074.0384615384614,7.0
25600,1080.0,6.0,1079.0,2.0,1073.0,40.0,1087.0,6.0,1088.0,2.0,1094.0,40.0,1083.5,109732.1953125,1083.5,0.8,8.5,-4.5,2012.2394,74.753975,1,48.0,48.0,1092.875,1074.125,7.0
25700,1080.0,9.0,1079.0,5.0,1073.0,49.0,1087.0,9.0,1088.0,5.0,1094.0,49.0,1083.5,109732.1953125,1083.5,0.8,8.5,-4.5,2011.8167,74.76913,1,63.0,63.0,1092.5238095238096,1074.4761904761904,7.0
25800,1078.0,6.0,1077.0,2.0,1071.0,38.0,1085.0,6.0,1086.0,2.0,1092.0,38.0,1081.5,109732.1953125,1081.75,0.8,8.5,-4.5,2011.3934,74.78425,1,46.0,46.0,1090.8260869565217,1072.1739130434783,7.0
25900,1080.0,7.0,1079.0,4.0,1073.0,51.0,1087.0,7.0,1088.0,4.0,1094.0,51.0,1083.5,109732.1953125,1083.25,0.8,8.5,-4.5,2010.9698,74.799355,1,62.0,62.0,1092.8225806451612,1074.1774193548388,7.0
26000,1081.0,6.0,1080.0,3.0,1074.0,43.0,1088.0,6.0,1089.0,3.0,1095.0,43.0,1084.5,109732.1953125,1084.75,0.8,8.5,-4.5,2010.5458,74.81444,1,52.0,52.0,1093.8461538461538,1075.1538461538462,7.0
26100,1082.0,8.0,1081.0,5.0,1075.0,54.0,1089.0,8.0,1090.0,5.0,1096.0,54.0,1085.5,109732.1953125,1085.75,0.8,8.5,-4.5,2010.1212,74.829506,1,67.0,67.0,1094.7164179104477,1076.2835820895523,7.0
26200,1082.0,7.0,1081.0,5.0,1075.0,52.0,1089.0,7.0,1090.0,5.0,1096.0,52.0,1085.5,109732.1953125,1085.5,0.8,8.5,-4.5,2009.6962,74.84455,1,64.0,64.0,1094.765625,1076.234375,7.0
26300,1082.0,5.0,1081.0,4.0,1075.0,37.0,1089.0,5.0,1090.0,4.0,1096.0,37.0,1085.5,109732.1953125,1085.75,0.8,8.5,-4.5,2009.2708,74.85957,1,46.0,46.0,1094.7173913043478,1076.2826086956522,7.0
26400,1083.0,7.0,1082.0,4.0,1076.0,47.0,1090.0,7.0,1091.0,4.0,1097.0,47.0,1086.5,109732.1953125,1086.25,0.8,8.5,-4.5,2008.8448,74.87457,1,58.0,58.0,1095.7413793103449,1077.2586206896551,7.0
26500,1082.0,10.0,1081.0,4.0,1075.0,57.0,1089.0,10.0,1090.0,4.0,1096.0,57.0,1085.5,109732.1953125,1085.75,0.8,8.5,-4.5,2008.4185,74.88956,1,71.0,71.0,1094.6760563380283,1076.3239436619717,7.0
26600,1082.0,10.0,1081.0,2.0,1075.0,53.0,1089.0,10.0,1090.0,2.0,1096.0,53.0,1085.5,109732.1953125,1085.5,0.8,8.5,-4.5,2007.9917,74.90452,1,65.0,65.0,1094.7384615384615,1076.2615384615385,7.0
26700,1081.0,9.0,1080.0,5.0,1074.0,47.0,1088.0,9.0,1089.0,5.0,1095.0,47.0,1084.5,109732.1953125,1084.25,0.8,8.5,-4.5,2007.5645,74.919464,1,61.0,61.0,1093.4754098360656,1075.5245901639344,7.0
26800,1079.0,5.0,1078.0,4.0,1072.0,48.0,1086.0,5.0,1087.0,4.0,1093.0,48.0,1082.5,109732.1953125,1082.25,0.8,8.5,-4.5,2007.1368,74.93439,1,57.0,57.0,1091.9649122807018,1073.0350877192982,7.0
26900,1078.0,8.0,1077.0,2.0,1071.0,50.0,1085.0,8.0,1086.0,2.0,1092.0,50.0,1081.5,109732.1953125,1081.75,0.8,8.5,-4.5,2006.7087,74.94929,1,60.0,60.0,1090.8666666666666,1072.1333333333334,7.0
27000,1078.0,10.0,1077.0,4.0,1071.0,47.0,1085.0,10.0,1086.0,4.0,1092.0,47.0,1081.5,109732.1953125,1081.75,0.8,8.5,-4.5,2006.2802,74.96417,1,61.0,61.0,1090.4590163934427,1072.5409836065573,7.0
27100,1078.0,9.0,1077.0,3.0,1071.0,49.0,1085.0,9.0,1086.0,3.0,1092.0,49.0,1081.5,109732.1953125,1081.25,0.8,8.5,-4.5,2005.8512,74.979034,1,61.0,61.0,1090.672131147541,1072.327868852459,7.0
27200,1079.0,10.0,1078.0,5.0,1072.0,46.0,1086.0,10.0,1087.0,5.0,1093.0,46.0,1082.5,109732.1953125,1082.25,0.8,8.5,-4.5,2005.4218,74.99388,1,61.0,61.0,1091.360655737705,1073.639344262295,7.0
27300,1080.0,10.0,1079.0,3.0,1073.0,53.0,1087.0,10.0,1088.0,3.0,1094.0,53.0,1083.5,109732.1953125,1083.75,0.8,8.5,-4.5,2004.992,75.0087,1,66.0,66.0,1092.6666666666667,1074.3333333333333,7.0
27400,1079.0,7.0,1078.0,5.0,1072.0,45.0,1086.0,7.0,1087.0,5.0,1093.0,45.0,1082.5,109732.1953125,1082.75,0.8,8.5,-4.5,2004.5616,75.023506,1,57.0,57.0,1091.6140350877192,1073.3859649122808,7.0
27500,1079.0,10.0,1078.0,2.0,1072.0,46.0,1086.0,10.0,1087.0,2.0,1093.0,46.0,1082.5,109732.1953125,1082.25,0.8,8.5,-4.5,2004.131,75.03829,1,58.0,58.0,1091.5862068965516,1073.4137931034484,7.0
27600,1079.0,7.0,1078.0,2.0,1072.0,47.0,1086.0,7.0,1087.0,2.0,1093.0,47.0,1082.5,109732.1953125,1082.75,0.8,8.5,-4.5,2003.6998,75.053055,1,56.0,56.0,1091.9107142857142,1073.0892857142858,7.0
27700,1079.0,5.0,1078.0,3.0,1072.0,47.0,1086.0,5.0,1087.0,3.0,1093.0,47.0,1082.5,109732.1953125,1082.5,0.8,8.5,-4.5,2003.2683,75.0678,1,55.0,55.0,1092.0363636363636,1072.9636363636364,7.0
27800,1078.0,10.0,1077.0,3.0,1071.0,51.0,1085.0,10.0,1086.0,3.0,1092.0,51.0,1081.5,109732.1953125,1081.25,0.8,8.5,-4.5,2002.8363,75.08253,1,64.0,64.0,1090.625,1072.375,7.0
27900,1078.0,10.0,1077.0,4.0,1071.0,50.0,1085.0,10.0,1086.0,4.0,1092.0,50.0,1081.5,109732.1953125,1081.25,0.8,8.5,-4.5,2002.4039,75.09723,1,64.0,64.0,1090.53125,1072.46875,7.0
28000,1079.0,10.0,1078.0,5.0,1072.0,54.0,1086.0,10.0,1087.0,5.0,1093.0,54.0,1082.5,109732.1953125,1082.25,0.8,8.5,-4.5,2001.9712,75.11192,1,69.0,69.0,1091.5507246376812,1073.4492753623188,7.0
28100,1079.0,8.0,1078.0,5.0,1072.0,42.0,1086.0,8.0,1087.0,5.0,1093.0,42.0,1082.5,109732.1953125,1082.25,0.8,8.5,-4.5,2001.538,75.12659,1,55.0,55.0,1091.4363636363637,1073.5636363636363,7.0
28200,1079.0,5.0,1078.0,2.0,1072.0,45.0,1086.0,5.0,1087.0,2.0,1093.0,45.0,1082.5,109732.1953125,1082.75,0.8,8.5,-4.5,2001.1042,75.141235,1,52.0,52.0,1092.0961538461538,1072.9038461538462,7.0
28300,1078.0,6.0,1077.0,2.0,1071.0,42.0,1085.0,6.0,1086.0,2.0,1092.0,42.0,1081.5,109732.1953125,1081.75,0.8,8.5,-4.5,2000.6703,75.15587,1,50.0,50.0,1090.92,1072.08,7.0
28400,1079.0,5.0,1078.0,5.0,1072.0,40.0,1086.0,5.0,1087.0,5.0,1093.0,40.0,1082.5,109732.1953125,1082.75,0.8,8.5,-4.5,2000.2358,75.17048,1,50.0,50.0,1091.7,1073.3,7.0
28500,1080.0,7.0,1079.0,2.0,1073.0,46.0,1087.0,7.0,1088.0,2.0,1094.0,46.0,1083.5,109732.1953125,1083.75,0.8,8.5,-4.5,1999.8009,75.185074,1,55.0,55.0,1092.8909090909092,1074.1090909090908,7.0
28600,1083.0,10.0,1082.0,3.0,1076.0,52.0,1090.0,10.0,1091.0,3.0,1097.0,52.0,1086.5,109732.1953125,1086.75,0.8,8.5,-4.5,1999.3657,75.199646,1,65.0,65.0,1095.6461538461538,1077.3538461538462,7.0
28700,1084.0,8.0,1083.0,2.0,1077.0,49.0,1091.0,8.0,1092.0,2.0,1098.0,49.0,1087.5,109732.1953125,1087.25,0.8,8.5,-4.5,1998.9299,75.2142,1,59.0,59.0,1096.8474576271187,1078.1525423728813,7.0
28800,1085.0,10.0,1084.0,5.0,1078.0,58.0,1092.0,10.0,1093.0,5.0,1099.0,58.0,1088.5,109732.1953125,1088.25,0.8,8.5,-4.5,1998.4939,75.22874,1,73.0,73.0,1097.6301369863013,1079.3698630136987,7.0
28900,1086.0,10.0,1085.0,5.0,1079.0,45.0,1093.0,10.0,1094.0,5.0,1100.0,45.0,1089.5,109732.1953125,1089.25,0.8,8.5,-4.5,1998.0574,75.243256,1,60.0,60.0,1098.3333333333333,1080.6666666666667,7.0
29000,1087.0,8.0,1086.0,2.0,1080.0,47.0,1094.0,8.0,1095.0,2.0,1101.0,47.0,1090.5,109732.1953125,1090.75,0.8,8.5,-4.5,1997.6206,75.25775,1,57.0,57.0,1099.8070175438597,1081.1929824561403,7.0
29100,1092.0,3.0,1087.0,8.0,1086.0,2.0,1094.0,8.0,1095.0,2.0,1101.0,49.0,1093.0,106468.796875,1090.75,0.8,8.5,-4.5,1997.1832,75.27223,1,59.0,13.0,1099.8474576271187,1088.0,2.0
29200,1086.0,8.0,1085.0,5.0,1079.0,45.0,1093.0,8.0,1094.0,5.0,1100.0,45.0,1089.5,109744.796875,1089.75,0.8,8.5,-4.5,1996.7456,75.2867,1,58.0,58.0,1098.5172413793102,1080.4827586206898,7.0
29300,1086.0,10.0,1085.0,2.0,1079.0,43.0,1094.0,10.0,1095.0,2.0,1101.0,43.0,1090.0,109744.796875,1090.0,0.8,8.5,-4.5,1996.3075,75.30114,1,55.0,55.0,1099.509090909091,1080.490909090909,8.0
29400,1086.0,8.0,1085.0,4.0,1079.0,44.0,1093.0,8.0,1094.0,4.0,1100.0,44.0,1089.5,109744.796875,1089.25,0.8,8.5,-4.5,1995.8691,75.31557,1,56.0,56.0,1098.5714285714287,1080.4285714285713,7.0
29500,1085.0,6.0,1084.0,4.0,1078.0,40.0,1092.0,6.0,1093.0,4.0,1099.0,40.0,1088.5,109744.796875,1088.25,0.8,8.5,-4.5,1995.4303,75.32997,1,50.0,50.0,1097.68,1079.32,7.0
29600,1086.0,9.0,1085.0,2.0,1079.0,52.0,1093.0,9.0,1094.0,2.0,1100.0,52.0,1089.5,109744.796875,1089.25,0.8,8.5,-4.5,1994.991,75.34436,1,63.0,63.0,1098.8095238095239,1080.1904761904761,7.0
29700,1087.0,10.0,1086.0,3.0,1080.0,52.0,1094.0,10.0,1095.0,3.0,1101.0,52.0,1090.5,109744.796875,1090.25,0.8,8.5,-4.5,1994.5514,75.358734,1,65.0,65.0,1099.6461538461538,1081.3538461538462,7.0
29800,1088.0,9.0,1087.0,4.0,1081.0,43.0,1095.0,9.0,1096.0,4.0,1102.0,43.0,1091.5,109744.796875,1091.75,0.8,8.5,-4.5,1994.1115,75.373085,1,56.0,56.0,1100.4464285714287,1082.5535714285713,7.0
29900,1088.0,8.0,1087.0,5.0,1081.0,51.0,1095.0,8.0,1096.0,5.0,1102.0,51.0,1091.5,109744.796875,1091.75,0.8,8.5,-4.5,1993.671,75.38742,1,64.0,64.0,1100.65625,1082.34375,7.0
30000,1088.0,7.0,1087.0,2.0,1081.0,45.0,1095.0,7.0,1096.0,2.0,1102.0,45.0,1091.5,109744.796875,1091.75,0.8,8.5,-4.5,1993.2302,75.40174,1,54.0,54.0,1100.8703703703704,1082.1296296296296,7.0
30100,1087.0,7.0,1086.0,2.0,1080.0,51.0,1094.0,7.0,1095.0,2.0,1101.0,51.0,1090.5,109744.796875,1090.75,0.8,8.5,-4.5,1992.7891,75.41604,1,60.0,60.0,1099.9833333333333,1081.0166666666667,7.0
30200,1087.0,9.0,1086.0,3.0,1080.0,50.0,1094.0,9.0,1095.0,3.0,1101.0,50.0,1090.5,109744.796875,1090.75,0.8,8.5,-4.5,1992.3477,75.43032,1,62.0,62.0,1099.6935483870968,1081.3064516129032,7.0
30300,1087.0,6.0,1086.0,3.0,1080.0,39.0,1094.0,6.0,1095.0,3.0,1101.0,39.0,1090.5,109744.796875,1090.75,0.8,8.5,-4.5,1991.9058,75.44459,1,48.0,48.0,1099.75,1081.25,7.0
30400,1087.0,8.0,1086.0,2.0,1080.0,44.0,1094.0,8.0,1095.0,2.0,1101.0,44.0,1090.5,109744.796875,1090.75,0.8,8.5,-4.5,1991.4635,75.45884,1,54.0,54.0,1099.7407407407406,1081.2592592592594,7.0
30500,1087.0,6.0,1086.0,3.0,1080.0,40.0,1095.0,6.0,1096.0,3.0,1102.0,40.0,1091.0,109744.796875,1091.0,0.8,8.5,-4.5,1991.0209,75.47307,1,49.0,49.0,1100.7755102040817,1081.2244897959183,8.0
30600,1089.0,7.0,1088.0,2.0,1082.0,51.0,1096.0,7.0,1097.0,2.0,1103.0,51.0,1092.5,109744.796875,1092.75,0.8,8.5,-4.5,1990.5779,75.48728,1,60.0,60.0,1101.9833333333333,1083.0166666666667,7.0
30700,1089.0,6.0,1088.0,2.0,1082.0,42.0,1097.0,6.0,1098.0,2.0,1104.0,42.0,1093.0,109744.796875,1093.0,0.8,8.5,-4.5,1990.1344,75.50147,1,50.0,50.0,1102.92,1083.08,8.0
30800,1089.0,5.0,1088.0,2.0,1082.0,49.0,1097.0,5.0,1098.0,2.0,1104.0,49.0,1093.0,109744.796875,1093.0,0.8,8.5,-4.5,1989.6907,75.51565,1,56.0,56.0,1103.1607142857142,1082.8392857142858,8.0
30900,1091.0,7.0,1090.0,3.0,1084.0,41.0,1098.0,7.0,1099.0,3.0,1105.0,41.0,1094.5,109744.796875,1094.75,0.8,8.5,-4.5,1989.2466,75.52981,1,51.0,51.0,1103.686274509804,1085.313725490196,7.0
31000,1091.0,10.0,1090.0,2.0,1084.0,51.0,1098.0,10.0,1099.0,2.0,1105.0,51.0,1094.5,109744.796875,1094.25,0.8,8.5,-4.5,1988.8021,75.54395,1,63.0,63.0,1103.6984126984128,1085.3015873015872,7.0
31100,1090.0,6.0,1089.0,5.0,1083.0,48.0,1097.0,6.0,1098.0,5.0,1104.0,48.0,1093.5,109744.796875,1093.75,0.8,8.5,-4.5,1988.3573,75.55808,1,59.0,59.0,1102.7796610169491,1084.2203389830509,7.0
31200,1089.0,9.0,1088.0,4.0,1082.0,46.0,1093.0,7.0,1096.0,9.0,1097.0,4.0,1091.0,109744.796875,1092.25,0.8,8.5,-4.5,1987.9122,75.57219,1,20.0,59.0,1095.15,1083.4745762711864,4.0
31300,1088.0,8.0,1087.0,2.0,1081.0,47.0,1095.0,8.0,1096.0,2.0,1102.0,47.0,1091.5,109744.796875,1091.75,0.8,8.5,-4.5,1987.4667,75.58628,1,57.0,57.0,1100.8070175438597,1082.1929824561403,7.0
31400,1087.0,6.0,1086.0,5.0,1080.0,45.0,1094.0,6.0,1095.0,5.0,1101.0,45.0,1090.5,109744.796875,1090.25,0.8,8.5,-4.5,1987.0208,75.60036,1,56.0,56.0,1099.7142857142858,1081.2857142857142,7.0
31500,1087.0,6.0,1086.0,2.0,1080.0,44.0,1094.0,6.0,1095.0,2.0,1101.0,44.0,1090.5,109744.796875,1090.25,0.8,8.5,-4.5,1986.5746,75.61442,1,52.0,52.0,1099.9615384615386,1081.0384615384614,7.0
31600,1087.0,6.0,1086.0,4.0,1080.0,36.0,1094.0,6.0,1095.0,4.0,1101.0,36.0,1090.5,109744.796875,1090.75,0.8,8.5,-4.5,1986.1279,75.628456,1,46.0,46.0,1099.5652173913043,1081.4347826086957,7.0
31700,1088.0,10.0,1087.0,2.0,1081.0,47.0,1095.0,10.0,1096.0,2.0,1102.0,47.0,1091.5,109744.796875,1091.25,0.8,8.5,-4.5,1985.681,75.64248,1,59.0,59.0,1100.6101694915253,1082.3898305084747,7.0
31800,1086.0,7.0,1085.0,4.0,1079.0,52.0,1093.0,7.0,1094.0,4.0,1100.0,52.0,1089.5,109744.796875,1089.25,0.8,8.5,-4.5,1985.2338,75.656494,1,63.0,63.0,1098.8412698412699,1080.1587301587301,7.0
31900,1087.0,9.0,1086.0,3.0,1080.0,56.0,1094.0,9.0,1095.0,3.0,1101.0,56.0,1090.5,109744.796875,1090.75,0.8,8.5,-4.5,1984.7861,75.67049,1,68.0,68.0,1099.8088235294117,1081.1911764705883,7.0
32000,1086.0,8.0,1085.0,4.0,1079.0,53.0,1093.0,8.0,1094.0,4.0,1100.0,53.0,1089.5,109744.796875,1089.75,0.8,8.5,-4.5,1984.3381,75.684456,1,65.0,65.0,1098.7692307692307,1080.2307692307693,7.0
32100,1085.0,8.0,1084.0,4.0,1078.0,43.0,1092.0,8.0,1093.0,4.0,1099.0,43.0,1088.5,109744.796875,1088.75,0.8,8.5,-4.5,1983.8899,75.69842,1,55.0,55.0,1097.5454545454545,1079.4545454545455,7.0
32200,1084.0,8.0,1083.0,5.0,1077.0,45.0,1091.0,8.0,1092.0,5.0,1098.0,45.0,1087.5,109744.796875,1087.25,0.8,8.5,-4.5,1983.4412,75.712364,1,58.0,58.0,1096.5172413793102,1078.4827586206898,7.0
32300,1085.0,5.0,1084.0,4.0,1078.0,51.0,1092.0,5.0,1093.0,4.0,1099.0,51.0,1088.5,109744.796875,1088.25,0.8,8.5,-4.5,1982.9922,75.72629,1,60.0,60.0,1098.0166666666667,1078.9833333333333,7.0
32400,1084.0,5.0,1083.0,5.0,1077.0,50.0,1091.0,5.0,1092.0,5.0,1098.0,50.0,1087.5,109744.796875,1087.75,0.8,8.5,-4.5,1982.543,75.7402,1,60.0,60.0,1096.9166666666667,1078.0833333333333,7.0
32500,1084.0,6.0,1083.0,3.0,1077.0,45.0,1088.0,5.0,1091.0,6.0,1092.0,3.0,1086.0,109744.796875,1087.75,0.8,8.5,-4.5,1982.0933,75.75409,1,14.0,54.0,1090.142857142857,1078.111111111111,4.0
32600,1084.0,5.0,1083.0,2.0,1077.0,48.0,1091.0,5.0,1092.0,2.0,1098.0,48.0,1087.5,109744.796875,1087.75,0.8,8.5,-4.5,1981.6433,75.76797,1,55.0,55.0,1097.1454545454546,1077.8545454545454,7.0
32700,1084.0,7.0,1083.0,5.0,1077.0,45.0,1091.0,7.0,1092.0,5.0,1098.0,45.0,1087.5,109744.796875,1087.25,0.8,8.5,-4.5,1981.193,75.78183,1,57.0,57.0,1096.6140350877192,1078.3859649122808,7.0
32800,1085.0,8.0,1084.0,5.0,1078.0,51.0,1092.0,8.0,1093.0,5.0,1099.0,51.0,1088.5,109744.796875,1088.25,0.8,8.5,-4.5,1980.7424,75.79568,1,64.0,64.0,1097.65625,1079.34375,7.0
32900,1085.0,7.0,1084.0,3.0,1078.0,48.0,1092.0,7.0,1093.0,3.0,1099.0,48.0,1088.5,109744.796875,1088.25,0.8,8.5,-4.5,1980.2914,75.80951,1,58.0,58.0,1097.844827586207,1079.155172413793,7.0
33000,1085.0,10.0,1084.0,2.0,1078.0,43.0,1092.0,10.0,1093.0,2.0,1099.0,43.0,1088.5,109744.796875,1088.25,0.8,8.5,-4.5,1979.8401,75.823326,1,55.0,55.0,1097.509090909091,1079.490909090909,7.0
33100,1086.0,6.0,1085.0,2.0,1079.0,40.0,1090.0,8.0,1093.0,6.0,1094.0,2.0,1088.0,109744.796875,1089.75,0.8,8.5,-4.5,1979.3885,75.83712,1,16.0,48.0,1091.625,1080.125,4.0
33200,1085.0,7.0,1084.0,2.0,1078.0,45.0,1092.0,7.0,1093.0,2.0,1099.0,45.0,1088.5,109744.796875,1088.75,0.8,8.5,-4.5,1978.9366,75.85091,1,54.0,54.0,1097.8703703703704,1079.1296296296296,7.0
33300,1085.0,7.0,1084.0,3.0,1078.0,45.0,1092.0,7.0,1093.0,3.0,1099.0,45.0,1088.5,109744.796875,1088.75,0.8,8.5,-4.5,1978.4844,75.86468,1,55.0,55.0,1097.7818181818182,1079.2181818181818,7.0
33400,1086.0,9.0,1085.0,3.0,1079.0,41.0,1090.0,8.0,1093.0,9.0,1094.0,3.0,1088.0,109744.796875,1089.25,0.8,8.5,-4.5,1978.0319,75.878426,1,20.0,53.0,1091.95,1080.5283018867924,4.0
33500,1085.0,7.0,1084.0,5.0,1078.0,49.0,1092.0,7.0,1093.0,5.0,1099.0,49.0,1088.5,109744.796875,1088.75,0.8,8.5,-4.5,1977.579,75.892166,1,61.0,61.0,1097.704918032787,1079.295081967213,7.0
33600,1086.0,10.0,1085.0,2.0,1079.0,55.0,1093.0,10.0,1094.0,2.0,1100.0,55.0,1089.5,109744.796875,1089.75,0.8,8.5,-4.5,1977.1257,75.90588,1,67.0,67.0,1098.7761194029852,1080.2238805970148,7.0
33700,1088.0,7.0,1087.0,2.0,1081.0,51.0,1095.0,7.0,1096.0,2.0,1102.0,51.0,1091.5,109744.796875,1091.75,0.8,8.5,-4.5,1976.6722,75.91959,1,60.0,60.0,1100.9833333333333,1082.0166666666667,7.0
33800,1090.0,7.0,1089.0,4.0,1083.0,42.0,1097.0,7.0,1098.0,4.0,1104.0,42.0,1093.5,109744.796875,1093.75,0.8,8.5,-4.5,1976.2185,75.93328,1,53.0,53.0,1102.622641509434,1084.377358490566,7.0
33900,1091.0,7.0,1090.0,2.0,1084.0,46.0,1098.0,7.0,1099.0,2.0,1105.0,46.0,1094.5,109744.796875,1094.25,0.8,8.5,-4.5,1975.7644,75.94696,1,55.0,55.0,1103.8909090909092,1085.1090909090908,7.0
34000,1091.0,7.0,1090.0,4.0,1084.0,49.0,1098.0,7.0,1099.0,4.0,1105.0,49.0,1094.5,109744.796875,1094.25,0.8,8.5,-4.5,1975.3099,75.96062,1,60.0,60.0,1103.7833333333333,1085.2166666666667,7.0
34100,1092.0,9.0,1091.0,3.0,1085.0,53.0,1099.0,9.0,1100.0,3.0,1106.0,53.0,1095.5,109744.796875,1095.25,0.8,8.5,-4.5,1974.8552,75.974266,1,65.0,65.0,1104.753846153846,1086.246153846154,7.0
34200,1090.0,8.0,1089.0,5.0,1083.0,47.0,1097.0,8.0,1098.0,5.0,1104.0,47.0,1093.5,109744.796875,1093.25,0.8,8.5,-4.5,1974.4003,75.9879,1,60.0,60.0,1102.5666666666666,1084.4333333333334,7.0
34300,1090.0,9.0,1089.0,3.0,1083.0,49.0,1097.0,9.0,1098.0,3.0,1104.0,49.0,1093.5,109744.796875,1093.75,0.8,8.5,-4.5,1973.945,76.00151,1,61.0,61.0,1102.672131147541,1084.327868852459,7.0
34400,1090.0,8.0,1089.0,2.0,1083.0,46.0,1098.0,8.0,1099.0,2.0,1105.0,46.0,1094.0,109744.796875,1094.0,0.8,8.5,-4.5,1973.4894,76.015114,1,56.0,56.0,1103.7857142857142,1084.2142857142858,8.0
34500,1091.0,7.0,1090.0,3.0,1084.0,47.0,1098.0,7.0,1099.0,3.0,1105.0,47.0,1094.5,109744.796875,1094.25,0.8,8.5,-4.5,1973.0334,76.0287,1,57.0,57.0,1103.8245614035088,1085.1754385964912,7.0
34600,1089.0,6.0,1088.0,4.0,1082.0,44.0,1096.0,6.0,1097.0,4.0,1103.0,44.0,1092.5,109744.796875,1092.75,0.8,8.5,-4.5,1972.5773,76.042274,1,54.0,54.0,1101.7777777777778,1083.2222222222222,7.0
34700,1091.0,7.0,1090.0,3.0,1084.0,56.0,1098.0,7.0,1099.0,3.0,1105.0,56.0,1094.5,109744.796875,1094.25,0.8,8.5,-4.5,1972.1207,76.05583,1,66.0,66.0,1103.9848484848485,1085.0151515151515,7.0
34800,1092.0,5.0,1091.0,3.0,1085.0,42.0,1099.0,5.0,1100.0,3.0,1106.0,42.0,1095.5,109744.796875,1095.75,0.8,8.5,-4.5,1971.664,76.069374,1,50.0,50.0,1104.94,1086.06,7.0
34900,1093.0,7.0,1092.0,3.0,1086.0,47.0,1100.0,7.0,1101.0,3.0,1107.0,47.0,1096.5,109744.796875,1096.25,0.8,8.5,-4.5,1971.2069,76.0829,1,57.0,57.0,1105.8245614035088,1087.1754385964912,7.0
35000,1093.0,10.0,1092.0,2.0,1086.0,44.0,1100.0,10.0,1101.0,2.0,1107.0,44.0,1096.5,109744.796875,1096.25,0.8,8.5,-4.5,1970.7496,76.09641,1,56.0,56.0,1105.5357142857142,1087.4642857142858,7.0
35100,1094.0,5.0,1093.0,3.0,1087.0,41.0,1101.0,5.0,1102.0,3.0,1108.0,41.0,1097.5,109744.796875,1097.25,0.8,8.5,-4.5,1970.292,76.10992,1,49.0,49.0,1106.9183673469388,1088.0816326530612,7.0
35200,1093.0,7.0,1092.0,4.0,1086.0,38.0,1100.0,7.0,1101.0,4.0,1107.0,38.0,1096.5,109744.796875,1096.25,0.8,8.5,-4.5,1969.834,76.1234,1,49.0,49.0,1105.5102040816328,1087.4897959183672,7.0
35300,1092.0,10.0,1091.0,2.0,1085.0,60.0,1099.0,10.0,1100.0,2.0,1106.0,60.0,1095.5,109744.796875,1095.75,0.8,8.5,-4.5,1969.3759,76.13687,1,72.0,72.0,1104.861111111111,1086.138888888889,7.0
35400,1091.0,7.0,1090.0,2.0,1084.0,43.0,1098.0,7.0,1099.0,2.0,1105.0,43.0,1094.5,109744.796875,1094.25,0.8,8.5,-4.5,1968.9174,76.15033,1,52.0,52.0,1103.826923076923,1085.173076923077,7.0
35500,1090.0,5.0,1089.0,4.0,1083.0,38.0,1098.0,5.0,1099.0,4.0,1105.0,38.0,1094.0,109744.796875,1094.0,0.8,8.5,-4.5,1968.4586,76.16377,1,47.0,47.0,1103.7446808510638,1084.2553191489362,8.0
35600,1094.0,9.0,1091.0,8.0,1090.0,2.0,1098.0,8.0,1099.0,2.0,1105.0,42.0,1096.0,99918.59375,1094.75,0.8,8.5,-4.5,1967.9996,76.1772,1,52.0,19.0,1103.6923076923076,1092.3157894736842,4.0
35700,1092.0,9.0,1091.0,4.0,1085.0,48.0,1099.0,9.0,1100.0,4.0,1106.0,48.0,1095.5,109764.59375,1095.75,0.8,8.5,-4.5,1967.5403,76.19061,1,61.0,61.0,1104.5737704918033,1086.4262295081967,7.0
35800,1092.0,8.0,1091.0,4.0,1085.0,53.0,1099.0,8.0,1100.0,4.0,1106.0,53.0,1095.5,109764.59375,1095.5,0.8,8.5,-4.5,1967.0808,76.20402,1,65.0,65.0,1104.7692307692307,1086.2307692307693,7.0
35900,1096.0,10.0,1093.0,9.0,1092.0,5.0,1100.0,9.0,1101.0,5.0,1107.0,40.0,1098.0,98831.59375,1096.25,0.8,8.5,-4.5,1966.621,76.21741,1,54.0,24.0,1105.2777777777778,1094.0416666666667,4.0
36000,1091.0,9.0,1090.0,3.0,1084.0,46.0,1095.0,8.0,1098.0,9.0,1099.0,3.0,1093.0,109791.59375,1094.75,0.8,8.5,-4.5,1966.1609,76.23078,1,20.0,58.0,1096.95,1085.396551724138,4.0
36100,1090.0,8.0,1089.0,4.0,1083.0,50.0,1097.0,8.0,1098.0,4.0,1104.0,50.0,1093.5,109791.59375,1093.25,0.8,8.5,-4.5,1965.7004,76.24414,1,62.0,62.0,1102.7096774193549,1084.2903225806451,7.0
36200,1090.0,5.0,1089.0,5.0,1083.0,51.0,1097.0,5.0,1098.0,5.0,1104.0,51.0,1093.5,109791.59375,1093.25,0.8,8.5,-4.5,1965.2399,76.257484,1,61.0,61.0,1102.9344262295083,1084.0655737704917,7.0
36300,1089.0,5.0,1088.0,5.0,1082.0,36.0,1096.0,5.0,1097.0,5.0,1103.0,36.0,1092.5,109791.59375,1092.75,0.8,8.5,-4.5,1964.7789,76.27082,1,46.0,46.0,1101.5869565217392,1083.4130434782608,7.0
36400,1087.0,6.0,1086.0,5.0,1080.0,44.0,1094.0,6.0,1095.0,5.0,1101.0,44.0,1090.5,109791.59375,1090.75,0.8,8.5,-4.5,1964.3179,76.284134,1,55.0,55.0,1099.6909090909091,1081.3090909090909,7.0
36500,1087.0,10.0,1086.0,2.0,1080.0,51.0,1094.0,10.0,1095.0,2.0,1101.0,51.0,1090.5,109791.59375,1090.75,0.8,8.5,-4.5,1963.8564,76.29745,1,63.0,63.0,1099.6984126984128,1081.3015873015872,7.0
36600,1086.0,7.0,1085.0,5.0,1079.0,47.0,1093.0,7.0,1094.0,5.0,1100.0,47.0,1089.5,109791.59375,1089.75,0.8,8.5,-4.5,1963.3948,76.31074,1,59.0,59.0,1098.6610169491526,1080.3389830508474,7.0
36700,1086.0,8.0,1085.0,5.0,1079.0,48.0,1093.0,8.0,1094.0,5.0,1100.0,48.0,1089.5,109791.59375,1089.25,0.8,8.5,-4.5,1962.9329,76.32401,1,61.0,61.0,1098.5901639344263,1080.4098360655737,7.0
36800,1085.0,9.0,1084.0,2.0,1078.0,42.0,1092.0,9.0,1093.0,2.0,1099.0,42.0,1088.5,109791.59375,1088.25,0.8,8.5,-4.5,1962.4707,76.33728,1,53.0,53.0,1097.5849056603774,1079.4150943396226,7.0
36900,1083.0,8.0,1082.0,5.0,1076.0,48.0,1090.0,8.0,1091.0,5.0,1097.0,48.0,1086.5,109791.59375,1086.25,0.8,8.5,-4.5,1962.0083,76.35053,1,61.0,61.0,1095.5901639344263,1077.4098360655737,7.0
37000,1084.0,9.0,1083.0,2.0,1077.0,56.0,1091.0,9.0,1092.0,2.0,1098.0,56.0,1087.5,109791.59375,1087.25,0.8,8.5,-4.5,1961.5457,76.36378,1,67.0,67.0,1096.8805970149253,1078.1194029850747,7.0
37100,1085.0,9.0,1084.0,2.0,1078.0,46.0,1092.0,9.0,1093.0,2.0,1099.0,46.0,1088.5,109791.59375,1088.25,0.8,8.5,-4.5,1961.0828,76.37701,1,57.0,57.0,1097.6842105263158,1079.3157894736842,7.0
37200,1084.0,8.0,1083.0,2.0,1077.0,44.0,1091.0,8.0,1092.0,2.0,1098.0,44.0,1087.5,109791.59375,1087.25,0.8,8.5,-4.5,1960.6196,76.39022,1,54.0,54.0,1096.7407407407406,1078.2592592592594,7.0
37300,1085.0,9.0,1084.0,3.0,1078.0,52.0,1092.0,9.0,1093.0,3.0,1099.0,52.0,1088.5,109791.59375,1088.75,0.8,8.5,-4.5,1960.1562,76.40342,1,64.0,64.0,1097.734375,1079.265625,7.0
37400,1084.0,10.0,1083.0,4.0,1077.0,42.0,1091.0,10.0,1092.0,4.0,1098.0,42.0,1087.5,109791.59375,1087.75,0.8,8.5,-4.5,1959.6925,76.41661,1,56.0,56.0,1096.3214285714287,1078.6785714285713,7.0
37500,1083.0,5.0,1082.0,5.0,1076.0,44.0,1090.0,5.0,1091.0,5.0,1097.0,44.0,1086.5,109791.59375,1086.25,0.8,8.5,-4.5,1959.2286,76.42979,1,54.0,54.0,1095.7962962962963,1077.2037037037037,7.0
37600,1084.0,7.0,1083.0,5.0,1077.0,50.0,1091.0,7.0,1092.0,5.0,1098.0,50.0,1087.5,109791.59375,1087.25,0.8,8.5,-4.5,1958.7646,76.44295,1,62.0,62.0,1096.725806451613,1078.274193548387,7.0
37700,1087.0,7.0,1084.0,10.0,1083.0,5.0,1091.0,10.0,1092.0,5.0,1098.0,44.0,1089.0,102197.9921875,1087.75,0.8,8.5,-4.5,1958.3003,76.4561,1,59.0,22.0,1096.3050847457628,1084.7272727272727,4.0
37800,1085.0,8.0,1084.0,5.0,1078.0,49.0,1092.0,8.0,1093.0,5.0,1099.0,49.0,1088.5,109806.9921875,1088.75,0.8,8.5,-4.5,1957.8357,76.46924,1,62.0,62.0,1097.6129032258063,1079.3870967741937,7.0
37900,1085.0,8.0,1084.0,5.0,1078.0,55.0,1092.0,8.0,1093.0,5.0,1099.0,55.0,1088.5,109806.9921875,1088.25,0.8,8.5,-4.5,1957.3708,76.48237,1,68.0,68.0,1097.735294117647,1079.264705882353,7.0
38000,1085.0,5.0,1084.0,5.0,1078.0,43.0,1092.0,5.0,1093.0,5.0,1099.0,43.0,1088.5,109806.9921875,1088.25,0.8,8.5,-4.5,1956.9059,76.49548,1,53.0,53.0,1097.7735849056603,1079.2264150943397,7.0
38100,1085.0,6.0,1084.0,2.0,1078.0,53.0,1092.0,6.0,1093.0,2.0,1099.0,53.0,1088.5,109806.9921875,1088.25,0.8,8.5,-4.5,1956.4406,76.50858,1,61.0,61.0,1098.1147540983607,1078.8852459016393,7.0
38200,1084.0,10.0,1083.0,2.0,1077.0,55.0,1091.0,10.0,1092.0,2.0,1098.0,55.0,1087.5,109806.9921875,1087.25,0.8,8.5,-4.5,1955.9751,76.521675,1,67.0,67.0,1096.7761194029852,1078.2238805970148,7.0
38300,1083.0,7.0,1082.0,2.0,1076.0,50.0,1090.0,7.0,1091.0,2.0,1097.0,50.0,1086.5,109806.9921875,1086.25,0.8,8.5,-4.5,1955.5094,76.53475,1,59.0,59.0,1095.9661016949153,1077.0338983050847,7.0
38400,1083.0,9.0,1082.0,3.0,1076.0,48.0,1090.0,9.0,1091.0,3.0,1097.0,48.0,1086.5,109806.9921875,1086.75,0.8,8.5,-4.5,1955.0435,76.54781,1,60.0,60.0,1095.65,1077.35,7.0
38500,1085.0,9.0,1084.0,3.0,1078.0,47.0,1092.0,9.0,1093.0,3.0,1099.0,47.0,1088.5,109806.9921875,1088.75,0.8,8.5,-4.5,1954.5774,76.56087,1,59.0,59.0,1097.6271186440679,1079.3728813559321,7.0
38600,1086.0,10.0,1085.0,5.0,1079.0,51.0,1093.0,10.0,1094.0,5.0,1100.0,51.0,1089.5,109806.9921875,1089.75,0.8,8.5,-4.5,1954.111,76.57391,1,66.0,66.0,1098.4848484848485,1080.5151515151515,7.0
38700,1088.0,7.0,1087.0,4.0,1081.0,48.0,1095.0,7.0,1096.0,4.0,1102.0,48.0,1091.5,109806.9921875,1091.25,0.8,8.5,-4.5,1953.6444,76.58694,1,59.0,59.0,1100.7627118644068,1082.2372881355932,7.0
38800,1088.0,8.0,1087.0,4.0,1081.0,48.0,1095.0,8.0,1096.0,4.0,1102.0,48.0,1091.5,109806.9921875,1091.5,0.8,8.5,-4.5,1953.1776,76.59996,1,60.0,60.0,1100.6666666666667,1082.3333333333333,7.0
38900,1088.0,7.0,1087.0,5.0,1081.0,44.0,1095.0,7.0,1096.0,5.0,1102.0,44.0,1091.5,109806.9921875,1091.75,0.8,8.5,-4.5,1952.7106,76.61297,1,56.0,56.0,1100.5892857142858,1082.4107142857142,7.0
39000,1091.0,7.0,1088.0,10.0,1087.0,2.0,1095.0,10.0,1096.0,2.0,1102.0,49.0,1093.0,102185.390625,1091.5,0.8,8.5,-4.5,1952.2434,76.62596,1,61.0,19.0,1100.655737704918,1089.0,4.0
39100,1088.0,6.0,1087.0,3.0,1081.0,37.0,1095.0,6.0,1096.0,3.0,1102.0,37.0,1091.5,109822.390625,1091.75,0.8,8.5,-4.5,1951.776,76.63894,1,46.0,46.0,1100.695652173913,1082.304347826087,7.0
39200,1090.0,7.0,1089.0,2.0,1083.0,42.0,1097.0,7.0,1098.0,2.0,1104.0,42.0,1093.5,109822.390625,1093.25,0.8,8.5,-4.5,1951.3083,76.65192,1,51.0,51.0,1102.8039215686274,1084.1960784313726,7.0
39300,1089.0,8.0,1088.0,5.0,1082.0,46.0,1097.0,8.0,1098.0,5.0,1104.0,46.0,1093.0,109822.390625,1093.0,0.8,8.5,-4.5,1950.8406,76.66487,1,59.0,59.0,1102.542372881356,1083.457627118644,8.0
39400,1089.0,6.0,1088.0,4.0,1082.0,47.0,1097.0,6.0,1098.0,4.0,1104.0,47.0,1093.0,109822.390625,1093.0,0.8,8.5,-4.5,1950.3724,76.677826,1,57.0,57.0,1102.842105263158,1083.157894736842,8.0
39500,1089.0,6.0,1088.0,5.0,1082.0,42.0,1097.0,6.0,1098.0,5.0,1104.0,42.0,1093.0,109822.390625,1093.0,0.8,8.5,-4.5,1949.9043,76.69076,1,53.0,53.0,1102.6415094339623,1083.3584905660377,8.0
39600,1089.0,7.0,1088.0,4.0,1082.0,49.0,1097.0,7.0,1098.0,4.0,1104.0,49.0,1093.0,109822.390625,1093.0,0.8,8.5,-4.5,1949.4358,76.70369,1,60.0,60.0,1102.7833333333333,1083.2166666666667,8.0
39700,1089.0,8.0,1088.0,3.0,1082.0,40.0,1096.0,8.0,1097.0,3.0,1103.0,40.0,1092.5,109822.390625,1092.75,0.8,8.5,-4.5,1948.9672,76.7166,1,51.0,51.0,1101.549019607843,1083.450980392157,7.0
39800,1089.0,5.0,1088.0,5.0,1082.0,47.0,1096.0,5.0,1097.0,5.0,1103.0,47.0,1092.5,109822.390625,1092.25,0.8,8.5,-4.5,1948.4984,76.72951,1,57.0,57.0,1101.859649122807,1083.140350877193,7.0
39900,1089.0,7.0,1088.0,3.0,1082.0,45.0,1096.0,7.0,1097.0,3.0,1103.0,45.0,1092.5,109822.390625,1092.25,0.8,8.5,-4.5,1948.0293,76.7424,1,55.0,55.0,1101.7818181818182,1083.2181818181818,7.0
40000,1090.0,9.0,1089.0,3.0,1083.0,51.0,1097.0,9.0,1098.0,3.0,1104.0,51.0,1093.5,109822.390625,1093.25,0.8,8.5,-4.5,1947.5602,76.75528,1,63.0,63.0,1102.7142857142858,1084.2857142857142,7.0
40100,1091.0,5.0,1090.0,5.0,1084.0,54.0,1098.0,5.0,1099.0,5.0,1105.0,54.0,1094.5,109822.390625,1094.25,0.8,8.5,-4.5,1947.0907,76.76815,1,64.0,64.0,1103.984375,1085.015625,7.0
40200,1090.0,9.0,1089.0,2.0,1083.0,41.0,1097.0,9.0,1098.0,2.0,1104.0,41.0,1093.5,109822.390625,1093.25,0.8,8.5,-4.5,1946.6212,76.78101,1,52.0,52.0,1102.5576923076924,1084.4423076923076,7.0
40300,1089.0,7.0,1088.0,4.0,1082.0,47.0,1096.0,7.0,1097.0,4.0,1103.0,47.0,1092.5,109822.390625,1092.75,0.8,8.5,-4.5,1946.1514,76.79386,1,58.0,58.0,1101.7413793103449,1083.2586206896551,7.0
40400,1090.0,7.0,1089.0,5.0,1083.0,48.0,1097.0,7.0,1098.0,5.0,1104.0,48.0,1093.5,109822.390625,1093.25,0.8,8.5,-4.5,1945.6814,76.8067,1,60.0,60.0,1102.6833333333334,1084.3166666666666,7.0
40500,1090.0,6.0,1089.0,3.0,1083.0,38.0,1097.0,6.0,1098.0,3.0,1104.0,38.0,1093.5,109822.390625,1093.25,0.8,8.5,-4.5,1945.2113,76.81953,1,47.0,47.0,1102.723404255319,1084.276595744681,7.0
40600,1090.0,8.0,1089.0,2.0,1083.0,55.0,1097.0,8.0,1098.0,2.0,1104.0,55.0,1093.5,109822.390625,1093.25,0.8,8.5,-4.5,1944.741,76.832344,1,65.0,65.0,1102.9538461538461,1084.0461538461539,7.0
40700,1088.0,6.0,1087.0,3.0,1081.0,43.0,1095.0,6.0,1096.0,3.0,1102.0,43.0,1091.5,109822.390625,1091.25,0.8,8.5,-4.5,1944.2705,76.84515,1,52.0,52.0,1100.8461538461538,1082.1538461538462,7.0
40800,1089.0,10.0,1088.0,3.0,1082.0,44.0,1096.0,10.0,1097.0,3.0,1103.0,44.0,1092.5,109822.390625,1092.25,0.8,8.5,-4.5,1943.7998,76.85795,1,57.0,57.0,1101.4561403508771,1083.5438596491229,7.0
40900,1089.0,8.0,1088.0,4.0,1082.0,39.0,1096.0,8.0,1097.0,4.0,1103.0,39.0,1092.5,109822.390625,1092.25,0.8,8.5,-4.5,1943.329,76.870735,1,51.0,51.0,1101.4313725490197,1083.5686274509803,7.0
41000,1088.0,8.0,1087.0,5.0,1081.0,45.0,1095.0,8.0,1096.0,5.0,1102.0,45.0,1091.5,109822.390625,1091.75,0.8,8.5,-4.5,1942.858,76.883514,1,58.0,58.0,1100.5172413793102,1082.4827586206898,7.0
41100,1088.0,5.0,1087.0,5.0,1081.0,43.0,1095.0,5.0,1096.0,5.0,1102.0,43.0,1091.5,109822.390625,1091.25,0.8,8.5,-4.5,1942.3868,76.89628,1,53.0,53.0,1100.7735849056603,1082.2264150943397,7.0
41200,1088.0,7.0,1087.0,2.0,1081.0,46.0,1095.0,7.0,1096.0,2.0,1102.0,46.0,1091.5,109822.390625,1091.75,0.8,8.5,-4.5,1941.9155,76.909035,1,55.0,55.0,1100.8909090909092,1082.1090909090908,7.0
41300,1088.0,9.0,1087.0,3.0,1081.0,54.0,1095.0,9.0,1096.0,3.0,1102.0,54.0,1091.5,109822.390625,1091.25,0.8,8.5,-4.5,1941.444,76.92178,1,66.0,66.0,1100.7727272727273,1082.2272727272727,7.0
41400,1087.0,5.0,1086.0,3.0,1080.0,47.0,1094.0,5.0,1095.0,3.0,1101.0,47.0,1090.5,109822.390625,1090.75,0.8,8.5,-4.5,1940.9723,76.93452,1,55.0,55.0,1100.0363636363636,1080.9636363636364,7.0
41500,1088.0,9.0,1087.0,2.0,1081.0,47.0,1095.0,9.0,1096.0,2.0,1102.0,47.0,1091.5,109822.390625,1091.25,0.8,8.5,-4.5,1940.5005,76.94724,1,58.0,58.0,1100.7068965517242,1082.2931034482758,7.0
41600,1088.0,5.0,1087.0,2.0,1081.0,49.0,1095.0,5.0,1096.0,2.0,1102.0,49.0,1091.5,109822.390625,1091.25,0.8,8.5,-4.5,1940.0284,76.95996,1,56.0,56.0,1101.1607142857142,1081.8392857142858,7.0
41700,1086.0,9.0,1085.0,2.0,1079.0,49.0,1093.0,9.0,1094.0,2.0,1100.0,49.0,1089.5,109822.390625,1089.75,0.8,8.5,-4.5,1939.5563,76.972664,1,60.0,60.0,1098.75,1080.25,7.0
41800,1087.0,9.0,1086.0,4.0,1080.0,51.0,1094.0,9.0,1095.0,4.0,1101.0,51.0,1090.5,109822.390625,1090.75,0.8,8.5,-4.5,1939.084,76.98537,1,64.0,64.0,1099.640625,1081.359375,7.0
41900,1086.0,5.0,1085.0,3.0,1079.0,39.0,1093.0,5.0,1094.0,3.0,1100.0,39.0,1089.5,109822.390625,1089.25,0.8,8.5,-4.5,1938.6115,76.998055,1,47.0,47.0,1098.872340425532,1080.127659574468,7.0
42000,1086.0,8.0,1085.0,3.0,1079.0,50.0,1093.0,8.0,1094.0,3.0,1100.0,50.0,1089.5,109822.390625,1089.25,0.8,8.5,-4.5,1938.1388,77.01073,1,61.0,61.0,1098.7868852459017,1080.2131147540983,7.0
42100,1086.0,9.0,1085.0,5.0,1079.0,45.0,1093.0,9.0,1094.0,5.0,1100.0,45.0,1089.5,109822.390625,1089.25,0.8,8.5,-4.5,1937.666,77.0234,1,59.0,59.0,1098.4237288135594,1080.5762711864406,7.0
42200,1085.0,5.0,1084.0,3.0,1078.0,40.0,1093.0,5.0,1094.0,3.0,1100.0,40.0,1089.0,109822.390625,1089.0,0.8,8.5,-4.5,1937.1931,77.03606,1,48.0,48.0,1098.8958333333333,1079.1041666666667,8.0
42300,1085.0,6.0,1084.0,4.0,1078.0,43.0,1093.0,6.0,1094.0,4.0,1100.0,43.0,1089.0,109822.390625,1089.0,0.8,8.5,-4.5,1936.7201,77.048706,1,53.0,53.0,1098.754716981132,1079.245283018868,8.0
42400,1087.0,8.0,1086.0,4.0,1080.0,55.0,1094.0,8.0,1095.0,4.0,1101.0,55.0,1090.5,109822.390625,1090.25,0.8,8.5,-4.5,1936.2468,77.06134,1,67.0,67.0,1099.8059701492537,1081.1940298507463,7.0
42500,1087.0,5.0,1086.0,3.0,1080.0,50.0,1094.0,5.0,1095.0,3.0,1101.0,50.0,1090.5,109822.390625,1090.75,0.8,8.5,-4.5,1935.7734,77.073975,1,58.0,58.0,1100.0862068965516,1080.9137931034484,7.0
42600,1087.0,7.0,1086.0,4.0,1080.0,50.0,1094.0,7.0,1095.0,4.0,1101.0,50.0,1090.5,109822.390625,1090.5,0.8,8.5,-4.5,1935.2999,77.08659,1,61.0,61.0,1099.8032786885246,1081.1967213114754,7.0
42700,1085.0,7.0,1084.0,2.0,1078.0,47.0,1092.0,7.0,1093.0,2.0,1099.0,47.0,1088.5,109822.390625,1088.75,0.8,8.5,-4.5,1934.8263,77.099205,1,56.0,56.0,1097.9107142857142,1079.0892857142858,7.0
42800,1086.0,5.0,1085.0,5.0,1079.0,41.0,1093.0,5.0,1094.0,5.0,1100.0,41.0,1089.5,109822.390625,1089.25,0.8,8.5,-4.5,1934.3525,77.11181,1,51.0,51.0,1098.7254901960785,1080.2745098039215,7.0
42900,1087.0,5.0,1086.0,2.0,1080.0,48.0,1094.0,5.0,1095.0,2.0,1101.0,48.0,1090.5,109822.390625,1090.75,0.8,8.5,-4.5,1933.8787,77.124405,1,55.0,55.0,1100.1454545454546,1080.8545454545454,7.0
43000,1089.0,5.0,1088.0,2.0,1082.0,54.0,1096.0,5.0,1097.0,2.0,1103.0,54.0,1092.5,109822.390625,1092.25,0.8,8.5,-4.5,1933.4045,77.13699,1,61.0,61.0,1102.2295081967213,1082.7704918032787,7.0
43100,1087.0,7.0,1086.0,4.0,1080.0,41.0,1094.0,7.0,1095.0,4.0,1101.0,41.0,1090.5,109822.390625,1090.75,0.8,8.5,-4.5,1932.9304,77.14957,1,52.0,52.0,1099.5961538461538,1081.4038461538462,7.0
43200,1087.0,5.0,1086.0,3.0,1080.0,49.0,1094.0,5.0,1095.0,3.0,1101.0,49.0,1090.5,109822.390625,1090.25,0.8,8.5,-4.5,1932.456,77.16214,1,57.0,57.0,1100.0701754385964,1080.9298245614036,7.0
43300,1088.0,5.0,1087.0,5.0,1081.0,46.0,1095.0,5.0,1096.0,5.0,1102.0,46.0,1091.5,109822.390625,1091.25,0.8,8.5,-4.5,1931.9816,77.1747,1,56.0,56.0,1100.8392857142858,1082.1607142857142,7.0
43400,1090.0,7.0,1087.0,6.0,1086.0,4.0,1094.0,6.0,1095.0,4.0,1101.0,44.0,1092.0,102211.2890625,1090.25,0.8,8.5,-4.5,1931.5071,77.18725,1,54.0,17.0,1099.7777777777778,1088.0,4.0
43500,1085.0,10.0,1084.0,2.0,1078.0,47.0,1092.0,10.0,1093.0,2.0,1099.0,47.0,1088.5,109841.2890625,1088.75,0.8,8.5,-4.5,1931.0323,77.19979,1,59.0,59.0,1097.6101694915253,1079.3898305084747,7.0
43600,1087.0,9.0,1086.0,2.0,1080.0,52.0,1094.0,9.0,1095.0,2.0,1101.0,52.0,1090.5,109841.2890625,1090.25,0.8,8.5,-4.5,1930.5575,77.21232,1,63.0,63.0,1099.8095238095239,1081.1904761904761,7.0
43700,1088.0,5.0,1087.0,2.0,1081.0,46.0,1095.0,5.0,1096.0,2.0,1102.0,46.0,1091.5,109841.2890625,1091.75,0.8,8.5,-4.5,1930.0826,77.224846,1,53.0,53.0,1101.1132075471698,1081.8867924528302,7.0
43800,1089.0,8.0,1088.0,4.0,1082.0,49.0,1096.0,8.0,1097.0,4.0,1103.0,49.0,1092.5,109841.2890625,1092.75,0.8,8.5,-4.5,1929.6075,77.237366,1,61.0,61.0,1101.688524590164,1083.311475409836,7.0
43900,1087.0,8.0,1086.0,2.0,1080.0,47.0,1094.0,8.0,1095.0,2.0,1101.0,47.0,1090.5,109841.2890625,1090.75,0.8,8.5,-4.5,1929.1323,77.24987,1,57.0,57.0,1099.8070175438597,1081.1929824561403,7.0
44000,1087.0,5.0,1086.0,3.0,1080.0,39.0,1095.0,5.0,1096.0,3.0,1102.0,39.0,1091.0,109841.2890625,1091.0,0.8,8.5,-4.5,1928.6571,77.262375,1,47.0,47.0,1100.872340425532,1081.127659574468,8.0
44100,1087.0,10.0,1086.0,4.0,1080.0,58.0,1094.0,10.0,1095.0,4.0,1101.0,58.0,1090.5,109841.2890625,1090.75,0.8,8.5,-4.5,1928.1816,77.274864,1,72.0,72.0,1099.6944444444443,1081.3055555555557,7.0
44200,1087.0,5.0,1086.0,3.0,1080.0,40.0,1094.0,5.0,1095.0,3.0,1101.0,40.0,1090.5,109841.2890625,1090.25,0.8,8.5,-4.5,1927.7062,77.28735,1,48.0,48.0,1099.8958333333333,1081.1041666666667,7.0
44300,1085.0,9.0,1084.0,2.0,1078.0,47.0,1092.0,9.0,1093.0,2.0,1099.0,47.0,1088.5,109841.2890625,1088.25,0.8,8.5,-4.5,1927.2305,77.29983,1,58.0,58.0,1097.7068965517242,1079.2931034482758,7.0
44400,1084.0,8.0,1083.0,2.0,1077.0,51.0,1091.0,8.0,1092.0,2.0,1098.0,51.0,1087.5,109841.2890625,1087.75,0.8,8.5,-4.5,1926.7548,77.312294,1,61.0,61.0,1096.8852459016393,1078.1147540983607,7.0
44500,1083.0,6.0,1082.0,5.0,1076.0,50.0,1090.0,6.0,1091.0,5.0,1097.0,50.0,1086.5,109841.2890625,1086.25,0.8,8.5,-4.5,1926.2789,77.32475,1,61.0,61.0,1095.8196721311476,1077.1803278688524,7.0
44600,1084.0,5.0,1083.0,2.0,1077.0,46.0,1091.0,5.0,1092.0,2.0,1098.0,46.0,1087.5,109841.2890625,1087.75,0.8,8.5,-4.5,1925.803,77.337204,1,53.0,53.0,1097.1132075471698,1077.8867924528302,7.0
44700,1084.0,7.0,1083.0,5.0,1077.0,49.0,1091.0,7.0,1092.0,5.0,1098.0,49.0,1087.5,109841.2890625,1087.5,0.8,8.5,-4.5,1925.3269,77.349655,1,61.0,61.0,1096.704918032787,1078.295081967213,7.0
44800,1084.0,7.0,1083.0,2.0,1077.0,45.0,1091.0,7.0,1092.0,2.0,1098.0,45.0,1087.5,109841.2890625,1087.5,0.8,8.5,-4.5,1924.8508,77.36209,1,54.0,54.0,1096.8703703703704,1078.1296296296296,7.0
44900,1083.0,10.0,1082.0,4.0,1076.0,46.0,1090.0,10.0,1091.0,4.0,1097.0,46.0,1086.5,109841.2890625,1086.75,0.8,8.5,-4.5,1924.3745,77.37452,1,60.0,60.0,1095.4333333333334,1077.5666666666666,7.0
45000,1084.0,8.0,1083.0,4.0,1077.0,42.0,1091.0,8.0,1092.0,4.0,1098.0,42.0,1087.5,109841.2890625,1087.75,0.8,8.5,-4.5,1923.8982,77.38694,1,54.0,54.0,1096.5185185185185,1078.4814814814815,7.0
45100,1085.0,6.0,1084.0,2.0,1078.0,43.0,1092.0,6.0,1093.0,2.0,1099.0,43.0,1088.5,109841.2890625,1088.75,0.8,8.5,-4.5,1923.4218,77.39935,1,51.0,51.0,1097.9411764705883,1079.0588235294117,7.0
45200,1085.0,6.0,1084.0,3.0,1078.0,46.0,1092.0,6.0,1093.0,3.0,1099.0,46.0,1088.5,109841.2890625,1088.25,0.8,8.5,-4.5,1922.9452,77.411766,1,55.0,55.0,1097.909090909091,1079.090909090909,7.0
45300,1086.0,10.0,1085.0,2.0,1079.0,58.0,1093.0,10.0,1094.0,2.0,1100.0,58.0,1089.5,109841.2890625,1089.25,0.8,8.5,-4.5,1922.4686,77.424164,1,70.0,70.0,1098.8285714285714,1080.1714285714286,7.0
45400,1086.0,5.0,1085.0,3.0,1079.0,43.0,1093.0,5.0,1094.0,3.0,1100.0,43.0,1089.5,109841.2890625,1089.5,0.8,8.5,-4.5,1921.992,77.436554,1,51.0,51.0,1098.9607843137255,1080.0392156862745,7.0
45500,1085.0,9.0,1084.0,2.0,1078.0,57.0,1092.0,9.0,1093.0,2.0,1099.0,57.0,1088.5,109841.2890625,1088.75,0.8,8.5,-4.5,1921.5151,77.448944,1,68.0,68.0,1097.8970588235295,1079.1029411764705,7.0
45600,1083.0,9.0,1082.0,4.0,1076.0,53.0,1090.0,9.0,1091.0,4.0,1097.0,53.0,1086.5,109841.2890625,1086.25,0.8,8.5,-4.5,1921.0382,77.46132,1,66.0,66.0,1095.6818181818182,1077.3181818181818,7.0
45700,1084.0,5.0,1083.0,3.0,1077.0,50.0,1091.0,5.0,1092.0,3.0,1098.0,50.0,1087.5,109841.2890625,1087.25,0.8,8.5,-4.5,1920.5613,77.473694,1,58.0,58.0,1097.0862068965516,1077.9137931034484,7.0
45800,1084.0,9.0,1083.0,5.0,1077.0,42.0,1091.0,9.0,1092.0,5.0,1098.0,42.0,1087.5,109841.2890625,1087.25,0.8,8.5,-4.5,1920.0842,77.48606,1,56.0,56.0,1096.3392857142858,1078.6607142857142,7.0
45900,1085.0,10.0,1084.0,5.0,1078.0,55.0,1092.0,10.0,1093.0,5.0,1099.0,55.0,1088.5,109841.2890625,1088.25,0.8,8.5,-4.5,1919.607,77.49841,1,70.0,70.0,1097.5714285714287,1079.4285714285713,7.0
46000,1083.0,6.0,1082.0,2.0,1076.0,46.0,1090.0,6.0,1091.0,2.0,1097.0,46.0,1086.5,109841.2890625,1086.75,0.8,8.5,-4.5,1919.1299,77.510765,1,54.0,54.0,1096.0,1077.0,7.0
46100,1083.0,5.0,1082.0,2.0,1076.0,41.0,1090.0,5.0,1091.0,2.0,1097.0,41.0,1086.5,109841.2890625,1086.75,0.8,8.5,-4.5,1918.6526,77.52311,1,48.0,48.0,1096.0208333333333,1076.9791666666667,7.0
46200,1082.0,8.0,1081.0,5.0,1075.0,39.0,1089.0,8.0,1090.0,5.0,1096.0,39.0,1085.5,109841.2890625,1085.25,0.8,8.5,-4.5,1918.1753,77.535446,1,52.0,52.0,1094.3461538461538,1076.6538461538462,7.0
46300,1083.0,7.0,1082.0,3.0,1076.0,45.0,1090.0,7.0,1091.0,3.0,1097.0,45.0,1086.5,109841.2890625,1086.25,0.8,8.5,-4.5,1917.6979,77.547775,1,55.0,55.0,1095.7818181818182,1077.2181818181818,7.0
46400,1081.0,7.0,1080.0,4.0,1074.0,42.0,1088.0,7.0,1089.0,4.0,1095.0,42.0,1084.5,109841.2890625,1084.25,0.8,8.5,-4.5,1917.2203,77.560104,1,53.0,53.0,1093.622641509434,1075.377358490566,7.0
46500,1083.0,8.0,1080.0,5.0,1079.0,4.0,1087.0,5.0,1088.0,4.0,1094.0,44.0,1085.0,101194.890625,1083.75,0.8,8.5,-4.5,1916.7428,77.57242,1,53.0,17.0,1092.8867924528302,1081.1764705882354,4.0
46600,1081.0,9.0,1080.0,5.0,1074.0,46.0,1083.0,3.0,1088.0,9.0,1089.0,5.0,1082.0,109858.890625,1084.75,0.8,8.5,-4.5,1916.2651,77.58473,1,17.0,60.0,1087.4117647058824,1075.55,2.0
46700,1081.0,10.0,1080.0,3.0,1074.0,48.0,1089.0,10.0,1090.0,3.0,1096.0,48.0,1085.0,109858.890625,1085.0,0.8,8.5,-4.5,1915.7875,77.59704,1,61.0,61.0,1094.5573770491803,1075.4426229508197,8.0
46800,1081.0,9.0,1080.0,3.0,1074.0,53.0,1089.0,9.0,1090.0,3.0,1096.0,53.0,1085.0,109858.890625,1085.0,0.8,8.5,-4.5,1915.3097,77.60934,1,65.0,65.0,1094.753846153846,1075.246153846154,8.0
46900,1081.0,9.0,1080.0,5.0,1074.0,45.0,1089.0,9.0,1090.0,5.0,1096.0,45.0,1085.0,109858.890625,1085.0,0.8,8.5,-4.5,1914.8319,77.62163,1,59.0,59.0,1094.4237288135594,1075.5762711864406,8.0
47000,1081.0,10.0,1080.0,2.0,1074.0,50.0,1089.0,10.0,1090.0,2.0,1096.0,50.0,1085.0,109858.890625,1085.0,0.8,8.5,-4.5,1914.354,77.63392,1,62.0,62.0,1094.6774193548388,1075.3225806451612,8.0
47100,1081.0,8.0,1080.0,5.0,1074.0,47.0,1088.0,8.0,1089.0,5.0,1095.0,47.0,1084.5,109858.890625,1084.75,0.8,8.5,-4.5,1913.8761,77.646194,1,60.0,60.0,1093.5666666666666,1075.4333333333334,7.0
47200,1081.0,9.0,1080.0,4.0,1074.0,45.0,1088.0,9.0,1089.0,4.0,1095.0,45.0,1084.5,109858.890625,1084.75,0.8,8.5,-4.5,1913.3981,77.65847,1,58.0,58.0,1093.5,1075.5,7.0
47300,1081.0,7.0,1080.0,4.0,1074.0,51.0,1088.0,7.0,1089.0,4.0,1095.0,51.0,1084.5,109858.890625,1084.5,0.8,8.5,-4.5,1912.92,77.67074,1,62.0,62.0,1093.8225806451612,1075.1774193548388,7.0
47400,1080.0,5.0,1079.0,5.0,1073.0,51.0,1087.0,5.0,1088.0,5.0,1094.0,51.0,1083.5,109858.890625,1083.25,0.8,8.5,-4.5,1912.442,77.683,1,61.0,61.0,1092.9344262295083,1074.0655737704917,7.0
47500,1079.0,9.0,1078.0,4.0,1072.0,41.0,1086.0,9.0,1087.0,4.0,1093.0,41.0,1082.5,109858.890625,1082.75,0.8,8.5,-4.5,1911.9639,77.69526,1,54.0,54.0,1091.388888888889,1073.611111111111,7.0
47600,1078.0,9.0,1077.0,5.0,1071.0,50.0,1085.0,9.0,1086.0,5.0,1092.0,50.0,1081.5,109858.890625,1081.75,0.8,8.5,-4.5,1911.4857,77.70751,1,64.0,64.0,1090.546875,1072.453125,7.0
47700,1078.0,10.0,1077.0,2.0,1071.0,47.0,1085.0,10.0,1086.0,2.0,1092.0,47.0,1081.5,109858.890625,1081.5,0.8,8.5,-4.5,1911.0074,77.71976,1,59.0,59.0,1090.6101694915253,1072.3898305084747,7.0
47800,1077.0,5.0,1076.0,3.0,1070.0,48.0,1084.0,5.0,1085.0,3.0,1091.0,48.0,1080.5,109858.890625,1080.75,0.8,8.5,-4.5,1910.5292,77.731995,1,56.0,56.0,1090.0535714285713,1070.9464285714287,7.0
47900,1076.0,7.0,1075.0,3.0,1069.0,46.0,1083.0,7.0,1084.0,3.0,1090.0,46.0,1079.5,109858.890625,1079.25,0.8,8.5,-4.5,1910.0509,77.74423,1,56.0,56.0,1088.8035714285713,1070.1964285714287,7.0
48000,1076.0,6.0,1075.0,5.0,1069.0,53.0,1083.0,6.0,1084.0,5.0,1090.0,53.0,1079.5,109858.890625,1079.75,0.8,8.5,-4.5,1909.5725,77.75646,1,64.0,64.0,1088.875,1070.125,7.0
48100,1076.0,7.0,1075.0,5.0,1069.0,41.0,1083.0,7.0,1084.0,5.0,1090.0,41.0,1079.5,109858.890625,1079.75,0.8,8.5,-4.5,1909.0941,77.768684,1,53.0,53.0,1088.5094339622642,1070.4905660377358,7.0
48200,1077.0,10.0,1076.0,4.0,1070.0,51.0,1084.0,10.0,1085.0,4.0,1091.0,51.0,1080.5,109858.890625,1080.75,0.8,8.5,-4.5,1908.6157,77.7809,1,65.0,65.0,1089.553846153846,1071.446153846154,7.0
48300,1079.0,5.0,1078.0,4.0,1072.0,39.0,1086.0,5.0,1087.0,4.0,1093.0,39.0,1082.5,109858.890625,1082.25,0.8,8.5,-4.5,1908.1372,77.79311,1,48.0,48.0,1091.7708333333333,1073.2291666666667,7.0
48400,1079.0,9.0,1078.0,4.0,1072.0,45.0,1083.0,5.0,1086.0,9.0,1087.0,4.0,1081.0,109858.890625,1082.75,0.8,8.5,-4.5,1907.6587,77.80532,1,18.0,58.0,1085.388888888889,1073.5,4.0
48500,1079.0,9.0,1078.0,2.0,1072.0,57.0,1086.0,9.0,1087.0,2.0,1093.0,57.0,1082.5,109858.890625,1082.5,0.8,8.5,-4.5,1907.1802,77.81753,1,68.0,68.0,1091.8970588235295,1073.1029411764705,7.0
48600,1079.0,6.0,1078.0,4.0,1072.0,40.0,1086.0,6.0,1087.0,4.0,1093.0,40.0,1082.5,109858.890625,1082.75,0.8,8.5,-4.5,1906.7017,77.82972,1,50.0,50.0,1091.68,1073.32,7.0
48700,1080.0,10.0,1079.0,4.0,1073.0,54.0,1087.0,10.0,1088.0,4.0,1094.0,54.0,1083.5,109858.890625,1083.25,0.8,8.5,-4.5,1906.223,77.84191,1,68.0,68.0,1092.6176470588234,1074.3823529411766,7.0
48800,1081.0,7.0,1080.0,2.0,1074.0,40.0,1088.0,7.0,1089.0,2.0,1095.0,40.0,1084.5,109858.890625,1084.75,0.8,8.5,-4.5,1905.7445,77.8541,1,49.0,49.0,1093.7551020408164,1075.2448979591836,7.0
48900,1081.0,10.0,1080.0,3.0,1074.0,50.0,1088.0,10.0,1089.0,3.0,1095.0,50.0,1084.5,109858.890625,1084.25,0.8,8.5,-4.5,1905.2659,77.86629,1,63.0,63.0,1093.6031746031747,1075.3968253968253,7.0
49000,1082.0,6.0,1081.0,2.0,1075.0,43.0,1089.0,6.0,1090.0,2.0,1096.0,43.0,1085.5,109858.890625,1085.25,0.8,8.5,-4.5,1904.7872,77.87846,1,51.0,51.0,1094.9411764705883,1076.0588235294117,7.0
49100,1082.0,6.0,1081.0,5.0,1075.0,55.0,1089.0,6.0,1090.0,5.0,1096.0,55.0,1085.5,109858.890625,1085.25,0.8,8.5,-4.5,1904.3086,77.89064,1,66.0,66.0,1094.909090909091,1076.090909090909,7.0
49200,1081.0,7.0,1080.0,5.0,1074.0,48.0,1089.0,7.0,1090.0,5.0,1096.0,48.0,1085.0,109858.890625,1085.0,0.8,8.5,-4.5,1903.8298,77.90281,1,60.0,60.0,1094.6833333333334,1075.3166666666666,8.0
49300,1081.0,8.0,1080.0,5.0,1074.0,56.0,1089.0,8.0,1090.0,5.0,1096.0,56.0,1085.0,109858.890625,1085.0,0.8,8.5,-4.5,1903.3512,77.91497,1,69.0,69.0,1094.7536231884058,1075.2463768115942,8.0
49400,1081.0,10.0,1080.0,5.0,1074.0,44.0,1089.0,10.0,1090.0,5.0,1096.0,44.0,1085.0,109858.890625,1085.0,0.8,8.5,-4.5,1902.8724,77.92713,1,59.0,59.0,1094.3050847457628,1075.6949152542372,8.0
49500,1083.0,7.0,1082.0,5.0,1076.0,48.0,1090.0,7.0,1091.0,5.0,1097.0,48.0,1086.5,109858.890625,1086.25,0.8,8.5,-4.5,1902.3937,77.939285,1,60.0,60.0,1095.6833333333334,1077.3166666666666,7.0
49600,1083.0,6.0,1082.0,4.0,1076.0,46.0,1090.0,6.0,1091.0,4.0,1097.0,46.0,1086.5,109858.890625,1086.25,0.8,8.5,-4.5,1901.915,77.95144,1,56.0,56.0,1095.8214285714287,1077.1785714285713,7.0
49700,1083.0,8.0,1082.0,5.0,1076.0,49.0,1090.0,8.0,1091.0,5.0,1097.0,49.0,1086.5,109858.890625,1086.75,0.8,8.5,-4.5,1901.4363,77.963585,1,62.0,62.0,1095.6129032258063,1077.3870967741937,7.0
49800,1083.0,7.0,1082.0,5.0,1076.0,45.0,1091.0,7.0,1092.0,5.0,1098.0,45.0,1087.0,109858.890625,1087.0,0.8,8.5,-4.5,1900.9575,77.97572,1,57.0,57.0,1096.6140350877192,1077.3859649122808,8.0
49900,1084.0,6.0,1083.0,4.0,1077.0,45.0,1091.0,6.0,1092.0,4.0,1098.0,45.0,1087.5,109858.890625,1087.25,0.8,8.5,-4.5,1900.4788,77.98787,1,55.0,55.0,1096.8,1078.2,7.0
50000,1083.0,6.0,1082.0,2.0,1076.0,42.0,1090.0,6.0,1091.0,2.0,1097.0,42.0,1086.5,109858.890625,1086.25,0.8,8.5,-4.5,1900.0,78.0,1,50.0,50.0,1095.92,1077.08,7.0
50100,1083.0,9.0,1082.0,4.0,1076.0,45.0,1090.0,9.0,1091.0,4.0,1098.0,45.0,1086.5,109858.890625,1086.75,1.2,8.5,-4.5,1899.5212,78.01213,1,58.0,58.0,1096.2758620689656,1077.5,7.0
50200,1084.0,6.0,1083.0,3.0,1076.0,43.0,1091.0,6.0,1092.0,3.0,1098.0,43.0,1087.5,109858.890625,1087.25,1.1,8.5,-4.5,1899.0425,78.024254,1,52.0,52.0,1096.8461538461538,1077.326923076923,7.0
50300,1085.0,10.0,1084.0,4.0,1078.0,50.0,1092.0,10.0,1093.0,4.0,1100.0,50.0,1088.5,109858.890625,1088.75,1.1,8.5,-4.5,1898.5637,78.03638,1,64.0,64.0,1098.3125,1079.46875,7.0
50400,1084.0,8.0,1083.0,4.0,1076.0,50.0,1091.0,8.0,1092.0,4.0,1098.0,50.0,1087.5,109858.890625,1087.25,1.1,8.5,-4.5,1898.085,78.0485,1,62.0,62.0,1096.7096774193549,1077.483870967742,7.0
50500,1082.0,9.0,1081.0,2.0,1075.0,39.0,1089.0,9.0,1090.0,2.0,1097.0,39.0,1085.5,109858.890625,1085.75,1.1,8.5,-4.5,1897.6063,78.060616,1,50.0,50.0,1095.28,1076.5,7.0
50600,1082.0,8.0,1081.0,3.0,1074.0,42.0,1089.0,8.0,1090.0,3.0,1097.0,42.0,1085.5,109858.890625,1085.5,1.1,8.5,-4.5,1897.1276,78.07272,1,53.0,53.0,1095.3962264150944,1075.6037735849056,7.0
50700,1082.0,9.0,1081.0,4.0,1074.0,41.0,1089.0,9.0,1090.0,4.0,1096.0,41.0,1085.5,109858.890625,1085.25,1.1,8.5,-4.5,1896.6488,78.08483,1,54.0,54.0,1094.388888888889,1075.851851851852,7.0
50800,1083.0,7.0,1082.0,3.0,1076.0,46.0,1090.0,7.0,1091.0,3.0,1098.0,46.0,1086.5,109858.890625,1086.75,1.1,8.5,-4.5,1896.1702,78.09694,1,56.0,56.0,1096.625,1077.1964285714287,7.0
50900,1083.0,5.0,1082.0,4.0,1075.0,43.0,1090.0,5.0,1091.0,4.0,1098.0,43.0,1086.5,109858.890625,1086.5,1.1,8.5,-4.5,1895.6914,78.10904,1,52.0,52.0,1096.6923076923076,1076.3076923076924,7.0
51000,1082.0,8.0,1081.0,5.0,1075.0,53.0,1089.0,8.0,1090.0,5.0,1097.0,53.0,1085.5,109858.890625,1085.75,1.1,8.5,-4.5,1895.2128,78.12114,1,66.0,66.0,1095.5,1076.3030303030303,7.0
51100,1081.0,10.0,1080.0,2.0,1074.0,46.0,1088.0,10.0,1089.0,2.0,1096.0,46.0,1084.5,109858.890625,1084.75,1.1,8.5,-4.5,1894.7341,78.13323,1,58.0,58.0,1094.3793103448277,1075.4137931034484,7.0
51200,1081.0,8.0,1080.0,5.0,1073.0,54.0,1088.0,8.0,1089.0,5.0,1096.0,54.0,1084.5,109858.890625,1084.5,1.1,8.5,-4.5,1894.2555,78.145325,1,67.0,67.0,1094.5223880597016,1074.4776119402984,7.0
51300,1082.0,10.0,1081.0,5.0,1074.0,50.0,1089.0,10.0,1090.0,5.0,1096.0,50.0,1085.5,109858.890625,1085.25,1.1,8.5,-4.5,1893.777,78.15741,1,65.0,65.0,1094.4615384615386,1075.7692307692307,7.0
51400,1083.0,8.0,1082.0,2.0,1075.0,54.0,1090.0,8.0,1091.0,2.0,1097.0,54.0,1086.5,109858.890625,1086.25,1.1,8.5,-4.5,1893.2983,78.169495,1,64.0,64.0,1095.9375,1076.21875,7.0
51500,1083.0,10.0,1082.0,5.0,1075.0,44.0,1090.0,10.0,1091.0,5.0,1098.0,44.0,1086.5,109858.890625,1086.5,1.1,8.5,-4.5,1892.8198,78.18158,1,59.0,59.0,1096.050847457627,1076.949152542373,7.0
51600,1084.0,7.0,1083.0,2.0,1076.0,42.0,1091.0,7.0,1092.0,2.0,1098.0,42.0,1087.5,109858.890625,1087.25,1.1,8.5,-4.5,1892.3413,78.19366,1,51.0,51.0,1096.8039215686274,1077.3725490196077,7.0
51700,1085.0,6.0,1084.0,2.0,1077.0,46.0,1092.0,6.0,1093.0,2.0,1099.0,46.0,1088.5,109858.890625,1088.25,1.1,8.5,-4.5,1891.8628,78.205734,1,54.0,54.0,1098.0,1078.148148148148,7.0
51800,1085.0,9.0,1084.0,3.0,1077.0,49.0,1092.0,9.0,1093.0,3.0,1099.0,49.0,1088.5,109858.890625,1088.25,1.1,8.5,-4.5,1891.3843,78.217804,1,61.0,61.0,1097.672131147541,1078.5245901639344,7.0
51900,1085.0,5.0,1084.0,2.0,1077.0,49.0,1092.0,5.0,1093.0,2.0,1099.0,49.0,1088.5,109858.890625,1088.25,1.1,8.5,-4.5,1890.9059,78.22987,1,56.0,56.0,1098.1607142857142,1077.9642857142858,7.0
52000,1084.0,6.0,1083.0,5.0,1076.0,53.0,1091.0,6.0,1092.0,5.0,1098.0,53.0,1087.5,109858.890625,1087.25,1.1,8.5,-4.5,1890.4275,78.24194,1,64.0,64.0,1096.875,1077.296875,7.0
52100,1083.0,7.0,1082.0,3.0,1076.0,50.0,1091.0,7.0,1092.0,3.0,1098.0,50.0,1087.0,109858.890625,1087.0,1.1,8.5,-4.5,1889.9491,78.254005,1,60.0,60.0,1096.8833333333334,1077.1166666666666,8.0
52200,1083.0,9.0,1082.0,4.0,1076.0,43.0,1091.0,9.0,1092.0,4.0,1098.0,43.0,1087.0,109858.890625,1087.0,1.1,8.5,-4.5,1889.4708,78.26607,1,56.0,56.0,1096.4464285714287,1077.5535714285713,8.0
52300,1083.0,8.0,1082.0,2.0,1075.0,48.0,1090.0,8.0,1091.0,2.0,1097.0,48.0,1086.5,109858.890625,1086.25,1.1,8.5,-4.5,1888.9926,78.27813,1,58.0,58.0,1095.8275862068965,1076.344827586207,7.0
52400,1084.0,7.0,1083.0,4.0,1076.0,46.0,1091.0,7.0,1092.0,4.0,1098.0,46.0,1087.5,109858.890625,1087.25,1.1,8.5,-4.5,1888.5143,78.290184,1,57.0,57.0,1096.719298245614,1077.4736842105262,7.0
52500,1084.0,5.0,1083.0,5.0,1076.0,47.0,1091.0,5.0,1092.0,5.0,1099.0,47.0,1087.5,109858.890625,1087.5,1.1,8.5,-4.5,1888.0361,78.30224,1,57.0,57.0,1097.6842105263158,1077.3157894736842,7.0
52600,1085.0,7.0,1084.0,3.0,1078.0,48.0,1092.0,7.0,1093.0,3.0,1100.0,48.0,1088.5,109858.890625,1088.75,1.1,8.5,-4.5,1887.558,78.31429,1,58.0,58.0,1098.6724137931035,1079.155172413793,7.0
52700,1085.0,5.0,1084.0,4.0,1078.0,41.0,1092.0,5.0,1093.0,4.0,1100.0,41.0,1088.5,109858.890625,1088.75,1.1,8.5,-4.5,1887.08,78.32635,1,50.0,50.0,1098.64,1079.18,7.0
52800,1086.0,10.0,1085.0,5.0,1078.0,60.0,1093.0,10.0,1094.0,5.0,1100.0,60.0,1089.5,109858.890625,1089.25,1.1,8.5,-4.5,1886.6019,78.338394,1,75.0,75.0,1098.6666666666667,1079.5333333333333,7.0
52900,1086.0,10.0,1085.0,5.0,1078.0,50.0,1093.0,10.0,1094.0,5.0,1100.0,50.0,1089.5,109858.890625,1089.25,1.1,8.5,-4.5,1886.1239,78.35044,1,65.0,65.0,1098.4615384615386,1079.7692307692307,7.0
53000,1085.0,6.0,1084.0,3.0,1078.0,55.0,1093.0,6.0,1094.0,3.0,1100.0,55.0,1089.0,109858.890625,1089.0,1.1,8.5,-4.5,1885.646,78.36249,1,64.0,64.0,1099.0625,1078.9375,8.0
53100,1086.0,7.0,1085.0,4.0,1079.0,47.0,1093.0,7.0,1094.0,4.0,1101.0,47.0,1089.5,109858.890625,1089.75,1.1,8.5,-4.5,1885.1681,78.37453,1,58.0,58.0,1099.551724137931,1080.2586206896551,7.0
53200,1085.0,7.0,1084.0,2.0,1078.0,45.0,1092.0,7.0,1093.0,2.0,1100.0,45.0,1088.5,109858.890625,1088.75,1.1,8.5,-4.5,1884.6903,78.386566,1,54.0,54.0,1098.7037037037037,1079.1296296296296,7.0
53300,1084.0,5.0,1083.0,3.0,1077.0,51.0,1091.0,5.0,1092.0,3.0,1099.0,51.0,1087.5,109858.890625,1087.75,1.1,8.5,-4.5,1884.2125,78.398605,1,59.0,59.0,1097.9661016949153,1077.8983050847457,7.0
53400,1086.0,10.0,1085.0,3.0,1078.0,47.0,1093.0,10.0,1094.0,3.0,1100.0,47.0,1089.5,109858.890625,1089.25,1.1,8.5,-4.5,1883.7349,78.410645,1,60.0,60.0,1098.5333333333333,1079.6833333333334,7.0
53500,1087.0,6.0,1086.0,4.0,1080.0,42.0,1094.0,6.0,1095.0,4.0,1102.0,42.0,1090.5,109858.890625,1090.75,1.1,8.5,-4.5,1883.2572,78.422676,1,52.0,52.0,1100.5384615384614,1081.2692307692307,7.0
53600,1087.0,7.0,1086.0,2.0,1080.0,53.0,1094.0,7.0,1095.0,2.0,1102.0,53.0,1090.5,109858.890625,1090.75,1.1,8.5,-4.5,1882.7797,78.434715,1,62.0,62.0,1100.8709677419354,1080.983870967742,7.0
